1657 2876
651 155 954 198 CRITIAS.
1399 168 1482 215 299

105 270 312 324 Euenor,
362 270 440 328 qui
474 281 660 312 uxorem
697 266 888 309 habebat
925 267 1207 325 Leucippen3
1258 265 1480 314 clitonem

104 339 280 380 unicam
310 338 447 382 filiam
477 342 735 395 genuerant.
776 350 890 391 quae
920 350 1059 389 quum
1089 336 1180 377 iam
1210 336 1254 378 in
1286 345 1479 382 aetatem

103 409 286 450 veniffet
322 408 418 450 viro
450 414 697 456 maturam,
745 402 910 445 mortui
938 403 1038 445 sunt
1075 411 1201 460 pater
1231 411 1288 446 'et
1320 413 1482 462 mater,

101 473 336 531 Neptunus
361 490 470 518 vero
504 490 657 516 amore
681 480 834 529 captus
856 486 958 513 cum
981 487 1031 514 ea
1057 471 1274 515 concubat
1293 474 1481 516 collem-

102 557 190 599 que
212 543 259 585 in
281 558 369 600 quo
392 542 616 585 habitabat
636 543 747 584 bene
767 541 1013 582 communit
1035 548 1078 582 et
1099 540 1386 583 circumcirca
1406 542 1480 583 ab·

100 612 287 669 rumpit.
311 611 447 653 maris
474 619 518 653 et
536 619 681 653 terrae
693 608 870 652 alternis
887 607 1080 650 minores
1095 616 1138 650 et
1151 608 1343 651 maiores
1361 609 1481 651 inter

100 680 146 720 se
167 678 361 721 efficiens
380 680 527 729 orbes,
562 680 672 720 duos
697 677 877 734 quidem
898 684 1070 728 terrae,
1101 677 1237 719 maris
1259 692 1367 719 vero
1390 685 1481 718 tres

102 748 221 802 quafi
251 755 435 789 ternans
464 762 489 788 e
516 748 661 788 media
690 746 854 797 insula,
885 745 1018 802 plane
1048 745 1294 801 aequaliter
1312 745 1482 788 distan-

99 822 188 868 tes,
218 814 279 857 ita
302 823 353 857 ut
379 815 492 857 adiri
509 814 563 856 ab
587 813 842 856 hominibus
866 829 957 855 non
981 814 1130 870 posfit3
1154 814 1334 868 navigia
1358 813 1480 856 enim

100 892 144 923 et
176 883 401 938 navigatio
429 885 631 926 nondum
657 890 765 923 tunc
787 889 925 924 erant.
962 882 1055 939 ipse
1090 896 1195 923 vero
1223 882 1412 923 intulam
1432 881 1482 923 in

99 953 247 994 medio
270 953 388 994 fitam
416 952 581 1010 quippe
601 952 709 993 deus
727 949 851 991 nullo
865 949 1041 1005 negotio
1063 949 1299 1006 disposuit,
1328 949 1483 1008 dupli-

100 1036 193 1062 cem
226 1037 385 1078 aquam
413 1036 437 1062 e
456 1030 574 1062 terra
602 1020 775 1060 sursum
804 1017 1039 1060 fontanam
1068 1018 1257 1071 ducens,
1288 1018 1481 1060 calidam

97 1103 259 1142 unam,
300 1090 487 1131 alteram
517 1087 728 1143 frigidam
765 1101 789 1127 e
816 1085 940 1127 fonte
974 1094 1257 1140 manantem,
1287 1087 1482 1129 alimen-

99 1166 195 1200 tum
214 1158 389 1199 varium
416 1166 460 1198 et
480 1157 596 1212 quod
613 1154 715 1197 satis
732 1161 828 1195 erat
846 1168 869 1194 e
892 1161 1012 1197 terra
1032 1155 1282 1211 proferens,
1308 1154 1480 1197 libero-

98 1241 198 1267 rum
224 1234 373 1266 autem
398 1226 702 1266 masculorum
727 1222 922 1278 quinque
942 1231 1096 1280 partus
1107 1224 1309 1279 geminos
1326 1221 1482 1276 genuit

97 1300 140 1334 et
172 1292 402 1342 educavit,
435 1300 479 1333 et
508 1293 698 1333 insulam
731 1291 1009 1333 Atlantidem
1041 1290 1292 1333 universam
1323 1290 1479 1332 decem

95 1362 139 1404 in
166 1370 313 1417 partes
334 1375 472 1415 quum
495 1359 709 1406 divififfet.
724 1359 883 1402 maiori
904 1367 1012 1401 natu
1031 1366 1280 1401 maternam
1303 1357 1482 1400 habita-

95 1431 263 1471 tionem
302 1430 555 1483 sortemque
597 1440 710 1482 quae
741 1426 908 1469 circum
933 1435 1051 1479 erat,
1082 1427 1326 1468 maximam
1352 1425 1477 1468 illam

97 1498 277 1554 quidem
308 1505 350 1537 et
370 1496 612 1552 optimam,
641 1494 800 1535 tribuit
834 1501 878 1535 et
901 1509 1052 1550 regem
1081 1494 1204 1536 hunc
1229 1501 1479 1537 ceterorum

96 1565 318 1608 constituit
339 1573 596 1619 ceterosque
617 1561 889 1620 praefectos,
922 1562 1084 1617 cuique
1101 1577 1210 1604 vero
1229 1561 1478 1619 imperium

94 1635 139 1676 in
171 1635 330 1675 multos
364 1632 568 1674 homines
603 1631 888 1686 multumque
924 1638 1071 1672 terrae
1104 1629 1239 1673 dedit.
1291 1629 1480 1672 nomina

97 1719 270 1761 quoque
298 1701 502 1744 omnibus
523 1699 756 1757 imposuit,
789 1705 833 1739 et
847 1698 1049 1741 maximo
1081 1697 1260 1756 quidem
1293 1706 1402 1740 natu
1428 1712 1479 1740 ac

95 1773 186 1827 regi
234 1772 335 1822 hoc,
380 1785 404 1811 e
440 1784 528 1825 quo
559 1776 656 1811 tota
682 1767 825 1809 insula
863 1774 906 1808 et
936 1781 1062 1809 mare
1092 1767 1325 1809 nominata
1361 1767 1478 1819 sunt,

95 1840 318 1883 Atlantica
342 1839 457 1880 dicta
483 1844 723 1895 propterea
745 1835 866 1892 quod
900 1851 1063 1877 nomen
1097 1843 1189 1877 erat
1206 1834 1359 1893 primo
1380 1842 1479 1877 tum

94 1908 301 1964 regnanti
335 1908 479 1954 Atlas;
514 1913 558 1946 et
588 1905 766 1961 gemino
796 1906 889 1962 post
918 1904 1045 1946 illum
1069 1911 1174 1946 nato
1204 1903 1280 1959 qui
1311 1904 1475 1945 sortem

96 1984 324 2018 extremae
347 1975 510 2017 insulae
536 1973 588 2015 ad
613 1975 843 2016 columnas
865 1973 1067 2015 Herculis
1090 1972 1278 2029 adeptus
1315 1979 1408 2013 erat
1431 1971 1479 2015 in

95 2045 280 2101 regione
302 2059 414 2100 quae
436 2057 555 2084 nunc
578 2058 631 2084 ex
652 2042 727 2083 illo
747 2040 967 2083 Gaditana
985 2041 1213 2083 nominata
1234 2041 1313 2088 est,
1344 2053 1477 2095 grae-

96 2128 199 2155 cum
221 2127 384 2154 nomen
405 2111 592 2154 Eumelo
615 2110 748 2162 dedit,
769 2117 810 2151 et
827 2110 1114 2152 vernaculum
1137 2109 1327 2157 Gadir03
1352 2109 1476 2165 quod

97 2180 278 2236 quidem
320 2195 486 2221 nomen
525 2177 871 2236 appellationem
906 2177 970 2219 illi
1001 2177 1222 2235 praebuit.
1280 2176 1476 2220 secundo

95 2257 230 2306 partu
260 2247 485 2290 editorum
514 2262 655 2288 unum
678 2246 978 2302 Ampherem‚
1009 2248 1196 2288 alterum
1213 2245 1477 2289 Eudaemo-

96 2333 198 2359 nem
225 2314 423 2362 vocavit;
453 2317 579 2359 tertio
599 2323 733 2372 partu
756 2315 979 2357 editorum
1000 2313 1215 2357 maiorem
1230 2315 1477 2358 natuMne-

95 2387 219 2429 seum
243 2383 511 2434 nominavit,
542 2384 765 2429 minorem
788 2383 1176 2434 Autochthonem;
1207 2391 1475 2443 quartorum
