1657 2876
581 116 921 160 TIMAEUS.
1366 119 1448 163 253

72 237 225 281 rursus
245 233 415 289 implet.
456 240 500 272 et
516 228 697 285 quando
723 228 824 285 plus
854 243 989 284 quam
1011 229 1158 272 influit
1178 234 1351 277 decedit
1370 242 1449 276 to-

71 314 166 348 tum
197 301 430 350 decrescit,
459 297 636 354 quando
659 312 768 338 vero
786 297 960 347 minus,
991 301 1193 356 augescit.
1224 317 1276 344 ac
1294 317 1450 344 recens

71 373 255 430 quidem
297 368 427 412 totius
469 366 707 408 animantis
752 368 1037 420 constructio,
1079 384 1196 411 nova
1227 370 1451 425 triangula

70 441 218 483 adhuc
236 437 403 480 habens
425 450 448 476 e
467 434 704 490 generibus
724 435 809 476 illis
826 442 1039 490 quattuor
1054 443 1282 493 tamquam
1304 453 1328 478 e
1347 437 1448 479 fun-

71 509 283 552 damento
310 503 432 554 ficta,
464 502 658 545 validam
691 501 870 557 quidem
901 505 1255 561 compactionem
1287 521 1448 548 eorum

67 577 186 620 inter
218 575 262 615 se
295 573 501 631 possidet,
540 572 778 627 composita
806 585 911 614 vero
942 572 1148 615 universa
1184 575 1276 616 eius
1312 577 1449 617 moles

70 646 128 687 est
156 641 329 693 mollis,
369 640 537 696 quippe
568 656 592 680 e
621 640 818 681 medulla
849 642 1046 683 constans·
1078 656 1235 684 recens
1264 652 1365 686 nata
1403 652 1449 686 et

67 713 185 755 lacte
217 708 417 760 nutrita3
448 708 764 764 comprehensa
799 707 933 763 igitur
963 709 1008 750 in
1034 724 1086 751 ea
1107 711 1331 767 triangula
1366 728 1448 753 ex-

65 780 282 825 trinsecus
312 777 455 826 illata,
498 790 522 816 e
556 776 716 830 quibus
754 776 840 818 cibi
870 785 911 817 et
939 786 1067 833 potus
1098 780 1318 831 constant,
1359 781 1446 823 suis

66 847 300 904 triangulis
332 844 561 886 vetustiora
592 852 638 885 et
666 843 952 886 imbeciliiora
988 846 1238 889 recentibus
1268 849 1448 906 superat

65 921 214 961 secans
236 926 543 971 magnumque
570 912 701 955 efficit
720 913 886 955 animal
908 913 1143 957 nutriendo
1162 916 1315 958 mulus
1335 918 1446 959 fimi-

64 988 197 1031 libus.
245 982 427 1040 quando
456 995 563 1022 vero
597 982 724 1034 radix
759 982 1087 1038 triangulorum
1116 984 1298 1027 laxatur
1337 1001 1447 1040 pro-

63 1065 223 1114 pterea
269 1050 390 1108 quod
438 1050 578 1091 multa
630 1050 876 1091 certamina
925 1053 1104 1106 longum
1140 1067 1221 1109 per
1269 1061 1446 1113 tempus

66 1123 217 1166 multis
244 1119 489 1165 conseruit,
533 1119 745 1160 alimenta
775 1119 959 1172 iugreffa
989 1120 1080 1160 iam
1112 1130 1344 1175 nequeunt
1372 1123 1449 1164 ilia

64 1194 216 1234 secare
238 1190 286 1230 in
308 1194 451 1243 partes
471 1185 544 1230 sabi
567 1186 747 1235 slmiles,
779 1188 849 1227 std
871 1187 963 1243 ipsa
986 1187 1112 1229 abiis
1134 1203 1249 1243 quae
1272 1192 1447 1233 extrin-

62 1262 186 1302 secus
215 1255 435 1298 invadunt
466 1254 595 1294 facile
635 1254 964 1306 dissolvuntur3
1005 1257 1281 1300 consumitur
1311 1260 1448 1313 igitur

62 1337 210 1371 totum
250 1322 417 1366 animal
447 1321 491 1362 in
521 1322 604 1362 hoc
633 1323 919 1378 superatum,
961 1332 1004 1364 et
1034 1325 1231 1366 senecms
1263 1337 1447 1369 vocatur

62 1397 173 1440 haec
204 1392 389 1435 affectio.
431 1390 612 1431 tandem
644 1406 773 1437 vero,
812 1406 955 1446 quum
992 1392 1313 1447 triangulorum
1348 1410 1447 1436 me-

64 1465 214 1507 dullae
246 1460 424 1501 vincula
459 1459 722 1501 concinnata
746 1460 832 1502 iam
856 1475 947 1502 non
966 1462 1158 1502 resistere
1184 1463 1358 1516 poffunt
1379 1463 1450 1503 la·-

60 1533 172 1575 bore
209 1528 441 1577 dissoluta,
494 1527 725 1568 dimittunt
767 1528 900 1569 ctiam
929 1528 1067 1569 animi
1110 1529 1319 1577 vincula;
1368 1530 1448 1585 qui

62 1601 242 1658 quidem
268 1595 509 1637 secundnm
539 1602 745 1638 naturam
770 1598 935 1638 solutus
954 1611 1058 1638 cum
1082 1598 1312 1652 voluptate
1335 1613 1449 1638 evo-

60 1671 146 1720 lat3
196 1663 405 1721 quicquid
446 1666 564 1704 enim
597 1679 621 1705 a
655 1674 814 1707 natura
847 1667 1052 1706 aversum
1097 1666 1176 1714 est,
1217 1665 1447 1718 acerbum,

62 1736 180 1794 quod
203 1748 315 1775 vero
335 1731 395 1773 ita
425 1731 657 1787 peragitur
684 1742 734 1774 ut
761 1741 947 1775 naturae
969 1735 1080 1775 ratio
1104 1733 1262 1787 exigit,
1292 1734 1447 1775 iucun-

62 1806 188 1848 dum.
233 1809 367 1857 atque
395 1815 517 1841 mors
542 1815 722 1855 quoque
740 1802 940 1844 fimiliter
959 1817 1010 1843 ea
1029 1816 1143 1856 quae
1165 1816 1246 1857 per
1268 1802 1448 1843 morbos

62 1882 107 1916 et
138 1870 334 1913 vulnera
360 1868 575 1924 contingit
607 1870 763 1912 aserba
794 1880 837 1912 et
864 1870 1079 1918 violenta,
1111 1885 1163 1910 ea
1190 1885 1300 1912 vero
1331 1884 1448 1926 qnae

61 1942 156 2001 post
174 1941 445 1981 senectutem
467 1938 520 1978 ad
540 1936 676 1980 finem
698 1941 848 1996 pergit
865 1941 1108 1982 secundum
1132 1946 1356 1989 naturam,
1368 1937 1447 1979 mi-

61 2011 235 2053 nimam
256 2022 316 2048 ex
336 2006 545 2047 omnibus
564 2007 808 2050 molestiam
828 2009 1012 2051 exhibet
1030 2008 1261 2064 magisque
1278 2005 1447 2047 iucun-

62 2080 119 2122 da
136 2092 272 2134 qnam
291 2075 422 2116 tristis
442 2074 613 2117 accidit.

175 2145 246 2187 De
278 2143 443 2186 morbis
474 2151 648 2194 autern,
687 2145 867 2187 cuilibet
890 2146 978 2186 fine
1007 2143 1145 2186 dubio
1177 2150 1298 2199 patet
1323 2143 1448 2184 unde

62 2214 358 2258 concitentur.
400 2211 567 2254 etenim
597 2221 809 2268 quattuor
829 2228 970 2269 quum
992 2214 1070 2254 fint
1099 2227 1263 2268 genera
1286 2227 1311 2254 e
1338 2211 1447 2267 qni-

64 2283 149 2325 bus
176 2289 459 2336 compactum
493 2283 552 2323 est
580 2296 762 2338 corpus,
797 2290 937 2329 ten-a,
967 2281 1104 2336 igniS.
1140 2296 1255 2337 aqua
1282 2290 1326 2323 et
1352 2281 1454 2331 aer,

64 2352 230 2393 horum
253 2365 279 2391 a
301 2358 460 2392 natura
478 2351 632 2392 aversa
653 2350 927 2393 abundantia
941 2359 980 2392 et
1002 2349 1200 2391 defectus
1222 2357 1265 2391 et
1286 2350 1451 2405 migra·

65 2419 125 2461 tio
145 2433 168 2458 e
193 2418 289 2460 loco
309 2418 492 2474 proprio
513 2419 557 2459 in
587 2419 783 2460 alienum
799 2452 809 2469 ‚
842 2420 954 2475 ignis
975 2433 1113 2475 porro
1140 2417 1452 2474 reliquorum-

64 2500 151 2544 que
173 2487 303 2527 status
323 2486 477 2541 (plura
498 2486 614 2528 enim
641 2488 741 2529 sunt
762 2502 853 2529 uno
875 2491 1082 2542 genera),
1110 2486 1288 2542 quando
1313 2485 1450 2542 quid-

63 2568 153 2608 que
172 2568 261 2594 non
282 2552 324 2595 id
347 2554 465 2609 quod
497 2554 571 2595 fibi
596 2557 809 2596 convenit
835 2553 1042 2607 assumit,
1074 2561 1120 2596 et
1147 2545 1301 2596 omnia
1329 2554 1452 2594 eius-

64 2621 187 2664 modi
214 2620 449 2663 seditiones
480 2629 523 2663 et
552 2622 731 2664 morbos
761 2622 986 2672 infernum
1027 2631 1207 2680 praeter
1237 2629 1448 2664 naturam
