1657 2876
596 146 941 190 TIMAEUS.
1373 156 1454 204 227

70 266 132 310 ris
150 263 375 307 domicilio
393 260 607 308 mortale,
636 259 823 301 limitem
846 267 888 301 et
914 259 1163 303 terminum
1196 263 1458 306 construen4

69 343 135 376 tes
151 337 263 375 inter
274 339 408 390 caput
428 338 469 371 et
487 336 656 385 pectu8‚
674 327 892 370 cervicem
914 327 1263 384 interponentes,
1279 340 1327 373 ut
1341 333 1457 373 seor-

67 401 165 443 sum
189 402 303 443 effet.
318 401 365 442 in
383 404 562 456 pectore
576 397 715 452 igitur
735 405 778 438 et
799 397 1071 452 thoracequi
1085 396 1250 439 dicitur
1261 401 1456 441 mortale

69 471 209 511 animi
230 483 368 525 genus
399 467 638 522 illigarunt.
672 473 714 507 et
745 466 850 523 quia
878 479 966 507 una
997 466 1090 507 eius
1115 481 1220 523 pars
1251 468 1456 517 meliore,

68 543 205 578 altera
226 534 441 579 deteriore
473 536 530 576 est
553 541 737 584 natura,
771 535 1031 590 separarunt
1053 549 1232 589 quoque
1262 536 1457 578 thoracis

68 606 363 661 complexum
391 602 701 659 distinguentes
729 603 846 643 velut
878 617 1018 645 unum
1047 604 1289 646 mulierum
1324 612 1364 644 et
1386 603 1459 645 al·-

69 681 216 726 terum
251 672 455 714 virorum
487 674 733 728 separatum
759 669 1062 722 domicilium,
1095 673 1356 727 praecordia
1385 673 1456 713 se-

63 748 194 798 ptum
218 739 265 781 in
288 741 437 781 medio
458 755 615 781 eorum
637 747 869 796 ponentes.
910 755 1006 781 eam
1030 739 1167 796 igitur
1185 741 1325 782 animi
1344 756 1456 798 par-

65 816 155 854 tem
180 823 294 863 quae
318 808 595 851 fortitudinis
617 814 659 847 et
679 807 767 847 irae
788 822 972 864 compos
994 811 1063 860 est,
1079 809 1246 866 quippe
1264 816 1456 850 conten-

65 878 194 918 tionis
225 891 378 918 amans
394 907 406 925 ‚
439 877 714 918 collocarunt
735 878 915 932 propius
937 885 1068 934 caput
1097 878 1215 919 inter
1238 892 1455 934 praecor·-

65 945 139 987 dia
160 954 204 986 et
225 944 460 993 cervicem,
493 954 540 986 ut
558 944 723 986 rationi
745 945 957 986 obediens
977 960 1064 986 una
1083 960 1183 986 cum
1210 946 1286 987 illa
1305 946 1352 986 vi
1371 960 1456 987 cu·-

64 1013 306 1072 piditatum
337 1028 477 1070 genus
496 1013 737 1060 cohiberet,
771 1016 949 1068 quaudo
967 1014 1177 1055 mandato
1201 1023 1243 1056 et
1261 1013 1455 1056 orationi

67 1097 124 1124 ex
144 1096 245 1124 arce
270 1082 443 1123 delatae
468 1083 591 1123 nullo
618 1082 753 1123 modo
778 1083 941 1123 vellent
970 1083 1085 1124 ultro
1106 1097 1274 1137 parere.
1306 1085 1454 1136 Atque

65 1165 164 1200 cor,
204 1150 399 1191 radicem
438 1165 657 1191 venarum
693 1160 735 1191 et
766 1150 937 1193 fontem
959 1151 1176 1206 sanguinis
1202 1166 1280 1208 per
1301 1150 1456 1192 omnia

64 1217 271 1262 membra
293 1217 380 1260 cito
406 1218 774 1265 circumfluentis,
795 1220 841 1260 in
861 1219 1098 1261 satellitum
1122 1219 1344 1261 domicilio
1359 1220 1455 1260 col-

64 1288 284 1338 locarunt,
317 1295 383 1336 ut,
404 1286 583 1340 quando
605 1287 1045 1328 excandesceretirae
1063 1286 1133 1327 vis
1150 1287 1455 1329 sationenun-

66 1356 212 1398 ciante
236 1355 446 1396 iniustum
477 1354 532 1395 ab
563 1354 712 1409 aliquo
736 1354 954 1396 committi
982 1354 1157 1396 facinus
1184 1356 1455 1397 extrinsecus

63 1425 138 1466 vel
161 1422 294 1463 etiam
320 1436 346 1463 a
371 1421 688 1478 cupiditatibus
708 1423 843 1475 intus,
875 1424 1078 1466 celeriter
1101 1438 1184 1481 per
1203 1439 1358 1465 omnes
1370 1439 1454 1465 an-

63 1492 220 1549 gustias
235 1523 246 1541 ‚
279 1489 490 1545 quicquid
511 1489 556 1530 in
577 1505 763 1546 corpore
783 1492 1001 1532 sentiendi
1021 1492 1112 1533 vim
1131 1491 1341 1542 haberet,
1373 1507 1455 1533 co-

62 1559 340 1602 hortationes
362 1565 407 1599 et
428 1557 569 1599 minas
590 1560 862 1615 percipiens,
895 1559 1108 1606 obediret,
1141 1561 1272 1615 plane
1294 1561 1454 1615 seque-

63 1636 192 1672 retur
223 1635 265 1668 et
291 1624 513 1684 optimum
541 1625 600 1667 ita
635 1627 682 1668 in
723 1626 772 1669 iis
802 1627 1009 1670 omnibus
1025 1628 1250 1684 imperare
1281 1629 1452 1671 smeret.

64 1699 134 1741 De
158 1696 304 1738 cordis
328 1705 481 1736 autem
507 1694 861 1751 trepidationem
881 1711 1032 1738 rerum
1061 1695 1454 1737 formidolosarum

64 1762 391 1822 exspectatione
416 1763 601 1819 iraeque
620 1765 900 1815 excitatione,
930 1764 1271 1822 praesentientes
1294 1763 1389 1805 fore
1404 1770 1456 1804 ut

63 1849 147 1892 per
181 1833 329 1887 ignem
362 1833 508 1874 omnis
540 1832 759 1873 eiusmodi
792 1841 940 1875 tumor
972 1835 1190 1875 exfisteret
1217 1831 1455 1873 iracundia

63 1903 466 1951 inflammatorum,
480 1900 698 1942 auxilium
720 1904 761 1943 ei
776 1904 1080 1944 machinantes
1100 1899 1327 1958 pulmonis
1355 1899 1453 1955 spe-

65 1973 179 2016 ciem
207 1971 493 2020 inseverunt‚
526 1970 723 2025 primum
757 1972 938 2014 mollem
972 1980 1016 2013 et
1043 1971 1257 2025 sanguine
1292 1982 1455 2009 caren-

63 2049 170 2090 tem,
202 2038 364 2081 deinde
383 2038 545 2089 fistulas
575 2038 691 2081 intus
718 2040 959 2083 habentem
987 2048 1213 2092 tamquam
1243 2035 1455 2093 spongiae

63 2109 335 2168 perforatas,
369 2117 413 2146 ut
435 2106 588 2162 spiritu
615 2116 661 2148 et
683 2118 791 2163 potu
814 2118 991 2166 recepto
1015 2108 1304 2163 relrigeraret
1323 2112 1455 2145 etre-

64 2178 351 2234 spirationem
372 2174 728 2232 levationemque
756 2179 802 2220 in
824 2180 937 2220 aestu
962 2177 1209 2232 praeberet.
1242 2172 1454 2231 quocirca

65 2245 256 2287 arteriae
278 2243 449 2286 canales
469 2243 516 2285 in
536 2245 802 2301 pulmonem
825 2248 1078 2289 inciderunt
1108 2258 1303 2294 eumque
1328 2241 1455 2283 cordi

67 2313 441 2356 circumiecerunt
462 2322 693 2369 tamquam
715 2316 931 2372 malagma
948 2347 959 2367 ‚
982 2321 1032 2355 ut
1047 2312 1278 2354 iracundia
1305 2325 1454 2367 quan-

66 2381 124 2424 do
143 2381 192 2424 in
216 2396 269 2424 eo
289 2380 509 2438 ferveret,
540 2383 698 2429 saliens
718 2384 768 2429 in
786 2384 953 2442 aliquid
971 2381 1092 2440 quod
1113 2383 1287 2426 cederet
1309 2386 1354 2423 et
1373 2394 1453 2423 re-
