1657 2876
607 122 943 168 TIMAEUS.
1143 89 1153 94 i
1382 123 1460 165 157

83 237 298 295 opinione
322 244 364 280 et
384 237 507 278 sensu
526 235 714 278 rationis
739 243 922 291 experte
942 237 1228 293 percipiatur,
1257 240 1463 296 gignatur

82 315 125 347 et
165 308 373 354 intereat,
415 318 497 346 nec
529 317 742 360 umquam
780 317 888 344 vere
918 304 980 346 fit.
1019 320 1151 347 omne
1179 323 1313 362 porro
1342 308 1463 365 quod

81 375 290 431 gignatur
316 387 370 414 ex
397 371 546 425 aliqua
576 372 702 413 causa
728 373 893 412 necesse
920 376 1004 414 effe
1029 375 1172 428 gigni3
1203 377 1311 419 nihil
1339 379 1462 419 enim

79 447 197 501 poffe
218 443 342 485 causa
368 439 535 481 sublata
564 448 714 481 ortum
739 438 916 480 habere.
960 441 1277 496 cuiuscumque
1309 453 1462 485 autem

79 513 223 567 operis
245 509 427 551 effector
447 508 531 550 hoc
548 507 777 550 intueatur
801 508 918 564 quod
942 508 1117 565 semper
1141 510 1297 552 eodem
1326 513 1460 554 modo

81 581 136 619 est
160 578 337 632 eiusque
362 576 548 632 speciem
578 592 629 618 ac
663 577 753 618 vim
778 576 1023 634 exprimat,
1065 577 1148 618 hoc
1181 577 1254 618 fibi
1291 593 1462 634 propo-

76 661 184 687 nens
208 644 461 701 exemplar,
494 645 771 701 praeclarum
804 645 847 686 id
878 646 1111 687 neceffario
1140 646 1198 686 ita
1228 646 1367 697 effici,
1399 649 1461 688 sm

75 720 221 755 autem
244 714 285 754 id
308 712 427 768 quod
445 714 649 768 gignitur,
668 723 821 755 natum
842 713 916 755 fibi
938 728 1193 770 proponens
1215 716 1460 771 exemplar,

72 796 166 824 non
193 782 483 836 praeclarum.
517 797 650 823 omne
671 782 804 836 igitur
822 783 994 824 caelum
1017 783 1103 823 five
1126 783 1342 832 mundus,
1372 784 1462 824 five

73 865 161 906 quo
192 850 279 891 alio
315 849 525 892 vocabulo
557 849 720 905 gaudet
754 849 836 891 hoc
865 866 890 892 a
922 850 1048 892 nobis
1080 858 1363 906 nuncupatus
1393 851 1461 902 fit,

72 919 144 959 sed
174 918 228 959 de
261 919 344 960 hoc
377 918 575 974 primum
609 918 973 960 confiderandum
1006 919 1124 973 quod
1159 918 1378 975 principio
1411 918 1461 961 in.

73 987 195 1028 omni
218 989 466 1044 quaestione
493 987 758 1029 coufiderari
794 995 992 1043 oportet,
1033 988 1266 1045 semperne
1306 985 1458 1038 fuerit,

72 1063 194 1096 ortus
225 1055 402 1097 initium
432 1056 602 1098 nullum
637 1056 835 1104 sumens,
876 1069 930 1095 an
967 1062 1097 1097 natus
1129 1056 1202 1105 fit,
1241 1055 1296 1096 ab
1331 1054 1458 1096 initio

70 1124 218 1178 aliquo
237 1124 371 1163 orsus.
393 1131 520 1164 natus
542 1125 624 1172 est;
648 1122 849 1164 cernitur
873 1123 993 1164 enim
1014 1131 1056 1164 et
1078 1124 1275 1178 tangitur
1295 1130 1338 1164 et
1362 1137 1458 1164 cor-

70 1206 153 1248 pus
167 1191 327 1238 habet;
360 1191 511 1230 omnia
539 1198 686 1231 autem
707 1190 810 1231 talia
840 1191 1008 1233 sensum
1034 1199 1241 1242 movent,
1274 1199 1316 1232 et
1340 1205 1458 1245 quae

68 1260 243 1301 sensum
254 1257 673 1313 movent,opini0ne
684 1266 728 1298 et
740 1259 865 1299 sensu
884 1258 1452 1316 co1nprehendenda‚gigni

71 1336 257 1383 ort-aque
281 1329 362 1369 effe
383 1325 605 1378 diximus-3
637 1325 679 1366 id
703 1334 851 1369 autem
879 1327 996 1383 quod
1021 1335 1170 1369 ortum
1193 1326 1346 1378 habet,
1380 1328 1455 1368 di-

72 1397 215 1438 cimus
228 1411 250 1436 a
264 1396 393 1437 causa
402 1396 546 1451 aliqua
561 1393 810 1451 profectum
824 1397 868 1436 fit
890 1399 1058 1437 necesse
1072 1398 1168 1437 esse.
1191 1403 1322 1450 atque
1341 1395 1456 1436 effe-

71 1473 238 1506 ctorem
260 1463 437 1519 quidem
452 1470 495 1503 et
515 1470 742 1518 parentem
772 1464 904 1506 huius
922 1463 1219 1505 univerfitatis
1245 1463 1456 1520 indagare

74 1532 254 1574 difficile
278 1543 322 1573 et
344 1546 480 1585 quum
502 1531 780 1586 indagaveris
795 1532 1001 1574 omnibus
1025 1548 1127 1574 eum
1145 1531 1341 1573 indicare
1362 1548 1455 1574 non

71 1609 210 1658 potes.
227 1600 310 1641 hoc
328 1600 479 1640 rursus
498 1599 744 1641 videndum
760 1608 911 1642 utrum
933 1603 981 1642 fit
1002 1600 1202 1641 imitatus
1222 1600 1454 1656 exemplar

26 1671 27 1674 ’
69 1670 206 1712 huius
217 1667 363 1723 operis
384 1666 638 1717 fabricator,
664 1668 768 1710 idne
787 1668 903 1722 quod
928 1668 1102 1721 semper
1119 1682 1209 1708 uno
1230 1675 1275 1708 et
1297 1667 1453 1709 eodem

71 1737 207 1780 modo
222 1738 261 1778 se
292 1735 437 1786 habet,
461 1750 515 1775 an
535 1736 577 1777 id
599 1736 716 1791 quod
732 1743 990 1792 generatum
1002 1736 1070 1776 est.
1085 1735 1204 1788 atqui
1224 1735 1453 1791 fipulcher
1489 1761 1497 1764 -

71 1808 130 1848 est
151 1805 223 1846 hic
242 1804 454 1854 mundus,
486 1803 515 1843 fi
538 1803 704 1859 probus
727 1804 820 1844 eius
842 1802 1016 1853 artifex,
1033 1801 1233 1859 profecto
1256 1805 1450 1860 speciem

69 1872 345 1917 aeternitatis
373 1871 541 1913 imitari
576 1871 758 1923 maluit,
797 1871 859 1912 fin
891 1872 1032 1922 secus,
1083 1871 1203 1926 quod
1239 1887 1296 1913 ne
1327 1873 1452 1914 dictu

71 1943 248 1999 quidem
270 1940 335 1982 sas
352 1941 430 1992 est,
462 1948 720 1996 generatum
747 1939 949 1996 expresfit
976 1940 1218 1995 exemplar.
1252 1956 1341 1982 non
1364 1941 1452 1997 igi-

69 2021 145 2055 tur
163 2011 348 2054 dubium
368 2008 472 2064 quin
495 2015 727 2050 aeternum
749 2009 797 2048 fit
816 2007 1040 2054 imitatus;
1064 2007 1138 2049 ille
1152 2009 1270 2050 enim
1295 2025 1451 2052 rerum

67 2087 376 2137 generatarum
398 2075 700 2133 pulcherrima
722 2076 799 2125 est,
832 2083 874 2116 et
895 2075 966 2117 hic
987 2084 1220 2118 auctorum
1242 2078 1448 2131 optimus,

67 2148 126 2190 ita
150 2148 526 2203 igiturgenei-atus
545 2144 598 2184 ad
618 2144 660 2185 id
682 2144 800 2199 quod
812 2144 987 2186 ratione
1006 2145 1307 2202 sapientiaque
1328 2161 1449 2188 com-

69 2215 361 2272 prehenditur
389 2221 432 2255 et
461 2213 618 2254 eodem
644 2214 819 2269 semper
854 2215 990 2256 modo
1023 2216 1064 2255 se
1092 2213 1228 2255 habet
1264 2215 1446 2257 effectus

69 2284 140 2325 est.
182 2298 295 2337 quae
316 2297 451 2338 quum
474 2280 534 2323 ita
558 2282 667 2332 snit,
704 2282 878 2338 prorsus
903 2286 1068 2324 neceffe
1093 2283 1149 2323 est
1169 2283 1288 2324 hunc
1311 2298 1447 2339 quem

69 2349 290 2393 cernimus
312 2350 531 2392 mundum
553 2350 833 2392 simulacrum
857 2350 1039 2393 alicuius
1058 2354 1138 2392 effe
1157 2352 1441 2408 exemplaris.

70 2419 318 2463 maximum
346 2427 496 2463 autem
527 2421 586 2462 est
613 2418 826 2476 cuiusque
852 2419 920 2462 rei
945 2418 1180 2463 exordium
1204 2421 1445 2464 secundum
