1657 2876
532 148 868 204 TJMAEUS.
1312 150 1390 206 175

11 274 183 328 busque
200 271 246 313 in
267 267 370 312 locis
390 264 719 319 relinquuntur,
735 263 840 305 talia
863 271 1014 320 totque
1036 268 1174 310 edunt
1197 267 1249 309 ad
1270 265 1392 308 fimi-

12 343 251 386 litudinem
287 335 427 382 efficta
455 332 575 374 inlus
611 340 824 388 extraque
853 338 1126 391 experrectis
1147 337 1192 377 in
1215 350 1393 377 memo-

13 409 132 453 riam
154 415 358 451 revocata
386 401 490 443 visa.
520 400 640 456 quod
663 415 767 442 vcro
793 401 847 448 ad
866 401 1078 458 imagines
1099 404 1260 445 attinet
1278 417 1394 458 quae

13 479 62 521 in
86 475 268 534 speculis
291 472 521 528 finguntur
535 469 773 523 omniaque
785 471 1057 525 quaelucida
1069 480 1112 512 et
1137 470 1249 511 levia
1273 471 1390 520 sunt,

15 547 126 589 haec
145 541 386 601 perspicere
400 538 609 580 nihiliam
624 538 1061 593 habetdifficultatis3
1084 554 1189 582 nam
1210 539 1392 579 exinte-

15 615 138 658 riore
159 622 200 653 ct
219 607 441 651 exteriore
464 605 574 662 ignis
597 607 828 662 utriusque
844 607 962 650 inter
983 609 1025 650 se
1053 605 1392 657 communitate,

22 697 115 726 uno
128 686 353 736 praeterea
377 677 543 718 circum
571 675 795 717 levitatem
813 677 986 734 semper
999 677 1223 719 exsistente
1244 674 1395 716 omni-

19 749 191 805 busque
204 746 402 803 partibus
413 744 918 796 accommodato,omnia
929 745 1038 788 haec
1053 761 1153 788 cum
1167 745 1396 785 necesfita-

19 827 64 860 te
75 818 162 858 sese
173 815 399 866 exhibent,
413 813 518 854 dum
531 811 642 866 ignis
655 812 729 867 qui
745 813 913 856 circum
927 814 1085 857 faciem
1103 816 1159 856 est
1170 828 1272 855 cum
1284 825 1397 852 ocu-

13 887 164 930 lorum
177 886 275 941 igne
288 884 456 925 circum
470 881 570 922 leve
583 889 625 922 et
637 880 836 923 lucidum
850 884 891 924 se
903 882 1033 924 consu
1041 883 1308 925 ndit.dextra
1319 895 1396 923 au-

13 963 106 997 tem
118 953 328 995 videntur
341 965 451 1007 quae
465 950 588 991 laeva
602 950 774 1007 sunt‚qu
784 951 822 992 ia
834 952 1064 995 contrariis
1075 950 1274 1009 partibus
1285 965 1398 992 ocu-

13 1023 162 1066 lorum
175 1020 342 1062 circum
366 1018 609 1061 contrarias
629 1028 778 1075 partes
800 1019 849 1060 fit
875 1020 1009 1062 tactio
1023 1029 1199 1078 praeter
1219 1019 1398 1061 solitum

16 1089 280 1134 admotionis
301 1102 497 1137 morem3
519 1087 672 1128 dextra
692 1095 845 1130 contra
868 1089 1079 1131 videntur
1103 1103 1220 1144 quae
1240 1088 1399 1129 dextra

15 1160 119 1200 sunt
148 1164 191 1197 et
209 1171 320 1211 quae
342 1157 466 1197 laeva
486 1156 586 1196 sunt
608 1156 750 1208 laeva,
775 1171 915 1210 quum
942 1158 1223 1199 convertitur
1243 1158 1400 1199 lumen

16 1227 262 1270 coalescens
273 1238 372 1265 cum
388 1239 440 1264 eo
453 1239 554 1265 cum
568 1237 658 1278 quo
673 1225 898 1276 coalescit3
918 1226 961 1267 id
973 1225 1036 1272 fit,
1051 1241 1189 1281 quum
1203 1225 1400 1281 speculo-

15 1310 116 1338 rum
137 1293 320 1345 levitas‚
351 1291 456 1333 hinc
474 1291 689 1347 illincque
705 1293 988 1336 altitudinem
1012 1302 1157 1346 nacta,
1190 1295 1400 1336 dextrum

16 1362 216 1406 detrudit
234 1362 282 1402 in
300 1362 473 1403 laevam
497 1368 671 1418 partem
691 1363 929 1405 oculorum
951 1369 993 1403 et
1011 1363 1205 1405 alterum
1224 1362 1269 1403 in
1290 1361 1403 1402 alte-

15 1447 126 1475 ram.
171 1431 411 1472 secundum
453 1429 779 1484 longitudinem
817 1447 928 1473 vero
961 1431 1091 1473 faciei
1135 1430 1402 1472 conversum

17 1500 135 1542 idem
164 1499 251 1540 hoc
274 1506 326 1540 ut
353 1499 612 1554 resupinum
633 1506 776 1541 totum
799 1500 1010 1542 videatur
1036 1499 1183 1551 efficit,
1214 1497 1402 1540 inferius

17 1569 67 1611 in
87 1568 364 1625 superiorem
394 1568 627 1609 oculorum
655 1576 831 1626 partem
856 1576 897 1611 et
919 1568 1122 1626 superius
1145 1568 1192 1608 in
1215 1566 1404 1609 interio-

17 1651 117 1679 rem
142 1637 294 1678 rursus
324 1636 576 1679 detrudens.
621 1644 752 1694 atque
785 1638 895 1678 haec
924 1636 1076 1679 omnia
1099 1649 1155 1677 ex
1174 1649 1224 1676 eo
1244 1648 1404 1690 genere

17 1706 122 1747 sunt
138 1718 251 1759 quae
272 1719 426 1745 rerum
453 1704 670 1747 adiuvant
693 1707 857 1757 causas,
889 1705 1046 1762 quibus
1066 1704 1175 1745 deus
1197 1701 1405 1744 ministris

18 1773 163 1816 utitur
187 1773 342 1829 optimi
371 1773 561 1829 speciem
584 1774 731 1829 quoad
759 1774 859 1816 fieri
885 1776 1021 1832 potest
1041 1772 1299 1822 effecturu83
1330 1769 1406 1811 sed

21 1841 275 1883 existimant
294 1842 498 1898 plerique
519 1858 611 1884 non
632 1843 742 1885 haec
764 1843 1027 1886 adiuvantia
1051 1845 1134 1885 effe
1156 1841 1317 1891 causas,
1331 1838 1406 1880 sed

23 1911 170 1953 causas
193 1911 306 1966 ipsas
333 1909 537 1953 omnium
559 1926 737 1959 rerum,
768 1927 883 1968 quae
902 1913 995 1954 vim
1018 1911 1211 1953 habeant
1231 1906 1407 1963 frigoris

24 1987 68 2021 ct
88 1979 270 2026 caloris,
303 1979 594 2021 concretionis
630 1988 675 2022 et
701 1981 886 2038 liquoris
923 1989 966 2022 et
1005 1980 1178 2035 reliqua
1207 1976 1407 2018 eiusdem

23 2047 194 2104 generis
223 2046 427 2090 efficiant.
468 2063 614 2104 neque
640 2065 748 2091 vero
771 2051 993 2093 rationem
1019 2062 1165 2104 neque
1185 2047 1271 2088 ulla
1294 2045 1338 2086 in
1358 2058 1407 2086 re

23 2115 362 2171 intelligentiam
393 2116 559 2158 habere
587 2123 787 2175 poffunt3
823 2119 871 2161 in
895 2118 1011 2175 quod
1046 2118 1164 2159 enim
1190 2116 1328 2157 solum
1353 2127 1408 2154 ex

26 2185 231 2227 omnibus
253 2199 366 2241 quae
385 2187 488 2227 sunt
502 2187 618 2229 cadit
640 2197 689 2230 ut
708 2188 926 2231 rationem
952 2187 1128 2237 habeat,
1145 2184 1188 2227 id
1205 2183 1408 2225 animum

28 2253 114 2295 dici
156 2261 352 2309 oportet3
382 2255 454 2296 hic
483 2263 633 2297 autem
669 2258 842 2300 sensum
875 2257 1029 2313 effugit
1068 2255 1299 2297 oculorum
1315 2285 1326 2303 ‚
1364 2257 1411 2291 at

27 2321 139 2377 ignis
153 2329 195 2362 et
206 2337 319 2377 aqua
332 2330 375 2364 et
388 2324 463 2365 ae‘r
480 2332 522 2365 et
539 2331 661 2367 terra
681 2341 869 2383 corpora
882 2324 1141 2368 funtomnia
1154 2321 1234 2363 sub
1250 2320 1301 2361 ad
1310 2320 1410 2376 spe-

28 2397 148 2432 ctum
162 2389 376 2433 cadentia.
397 2393 524 2434 illum
547 2401 694 2436 autem
714 2395 791 2449 qui
807 2393 1121 2449 intelligentiae
1138 2389 1412 2447 sapientiae-

29 2473 115 2515 que
127 2459 167 2499 se
179 2466 424 2501 amatorem
437 2461 688 2517 profitetur,
700 2463 866 2504 neceffe
881 2463 938 2503 est
954 2460 1233 2515 intelligentis
1243 2459 1411 2517 sapien-

30 2527 172 2583 tisque
192 2534 379 2570 naturae
402 2530 550 2570 causas
575 2530 744 2585 primas
765 2531 1044 2587 conquirere,
1076 2528 1235 2571 deinde
1255 2541 1411 2569 earum

30 2610 186 2638 rerum
210 2611 323 2651 quae
350 2596 404 2638 ab
426 2596 520 2639 aliis
544 2606 783 2640 moventur
808 2608 851 2640 et
868 2600 954 2642 alia
971 2598 1208 2640 neceffario
1229 2602 1416 2638 movent:

35 2665 179 2707 causas
209 2665 434 2707 secundas.
475 2668 677 2723 quocirco
699 2667 827 2710 nobis
858 2683 1035 2724 quoque
1063 2667 1125 2709 ita
1146 2666 1412 2714 faciendum,

33 2739 86 2776 ut
106 2732 298 2778 dicamus
322 2735 503 2792 quidem
526 2736 581 2779 de
604 2744 792 2794 utroque
818 2739 1049 2789 causarum
1069 2749 1254 2794 genere,
1288 2734 1412 2791 [epa-
