1657 2876
592 136 885 183 POLITIA
929 141 990 186 X.
1423 146 1480 190 63

101 264 208 299 vata
238 251 576 301 consuetudine,
611 265 759 307 neque
787 252 843 295 ad
869 253 1054 296 domum
1072 271 1219 312 neque
1242 259 1296 302 ad
1317 260 1479 305 civita-

97 332 191 367 tem
210 325 332 365 suam
356 319 748 362 administrandam
775 336 847 362 eos
869 322 1082 365 valituros
1102 329 1182 367 effe.-
1205 328 1281 370 nifi
1303 329 1377 386 ipfi
1398 345 1476 371 eo—

95 407 199 436 rum
231 388 487 431 institutioni
515 388 728 445 praesint,
768 396 813 430 et
843 388 960 432 hanc
997 402 1182 448 propter
1212 397 1477 453 tapientiam

95 468 325 518 tantopere
342 457 489 512 diligi,
522 464 572 498 ut
592 464 766 499 tantum
790 473 877 500 non
904 459 949 500 in
973 460 1116 517 capite
1139 477 1212 502 eos
1233 465 1476 508 circumfe-

92 537 191 572 rant
222 526 375 573 amici,
408 526 647 568 Homerum
687 534 833 568 autem
871 529 1098 582 aequales,
1130 531 1157 571 fi
1188 534 1389 586 potuiffet
1418 533 1474 577 ad

89 598 308 639 virtutem
330 594 545 638 adiuvare
566 595 782 643 homines,
798 596 866 637 vel
881 596 1116 639 Hefiodum
1140 599 1336 642 carmina
1360 603 1475 645 reci—

87 673 183 707 tare
194 664 450 706 oben-antes
464 665 617 705 {ituros
630 662 767 715 fuine,
782 678 831 705 ac
845 679 933 706 non
946 665 1082 722 magis
1096 682 1171 708 eos
1195 676 1392 724 appetitu
1403 686 1474 713 ros

84 748 221 791 quam
243 746 408 774 aurum
438 740 483 773 et
503 739 733 774 coacturos
755 733 904 774 secum
928 732 1048 775 domi
1080 734 1304 787 habitare,
1331 747 1422 790 aut,
1442 740 1472 781 fi

83 817 175 846 non
198 801 510 857 persuafiffent,
525 801 637 856 ipsos
657 802 920 852 sequuturos
944 802 1066 844 fuisse
1082 818 1171 858 quo
1193 805 1256 846 illi
1279 805 1468 859 ivisseut,

83 869 189 912 dum
203 869 305 911 satis
319 868 575 926 disciplinae
589 869 704 910 nacti
726 867 902 912 fuissent
913 869 933 910 ?
956 872 1154 921 Prorsus,
1168 873 1326 927 inquit,
1338 873 1470 915 vide-

81 938 143 982 ris
162 937 490 988 mit1i,Socrate,
504 951 611 978 vera
626 937 786 981 dicere.
808 939 964 980 bonne
979 938 1111 996 igitur
1126 942 1469 985 sumamusinde

80 1007 138 1048 ab
165 1007 360 1048 Homero
387 1021 543 1047 omnes
564 1006 760 1062 poeticos
791 1006 1034 1049 imitatores
1069 1010 1296 1052 simulacra
1317 1011 1468 1053 viriu—

78 1074 138 1117 tis
170 1089 416 1129 eorumque
444 1088 559 1128 quae
588 1073 756 1130 fingant
784 1075 1080 1130 adumbrare,
1121 1078 1356 1121 veritatem
1384 1094 1467 1121 au-

75 1150 170 1185 tem
195 1157 284 1184 non
310 1142 546 1197 attingere,
578 1142 648 1183 sed
665 1174 676 1193 ‚
708 1150 758 1184 ut
780 1143 913 1184 modo
936 1144 1211 1196 dicebamus,
1234 1146 1377 1201 pictor
1394 1148 1464 1205 ip-

73 1212 121 1254 se
139 1211 247 1253 artis
279 1211 476 1251 sutrinae
500 1209 734 1266 imperitus
758 1211 952 1252 sutorem
979 1210 1107 1253 faciet
1131 1214 1207 1268 qui
1236 1215 1463 1259 videbitur

73 1281 158 1322 esse
178 1278 287 1321 artis
312 1275 514 1320 sutrinae
532 1277 684 1320 itidem
710 1276 957 1336 imperitis,
989 1294 1085 1321 rem
1116 1295 1224 1322 vero
1251 1297 1276 1322 e
1295 1284 1463 1325 colori-

72 1347 157 1391 bus
193 1353 237 1388 et
265 1347 416 1388 habitu
453 1346 787 1404 spectantibus?
821 1348 939 1391 Sane
958 1347 1153 1404 quidem.
1215 1350 1277 1392 Ita
1307 1351 1458 1408 igitur,

71 1418 261 1474 opinor,
293 1416 424 1458 etiam
447 1415 679 1472 poeticum
701 1416 898 1458 dicemus
935 1418 1103 1458 colores
1132 1418 1349 1472 quosdam
1377 1434 1461 1461 cu-

69 1485 231 1542 iusque
251 1485 358 1527 artis
378 1484 634 1526 nominibus
654 1493 698 1526 et
719 1484 867 1526 verbis
888 1485 1123 1537 inducere,
1154 1485 1257 1527 licet
1275 1485 1366 1542 ipse
1384 1487 1458 1528 ni-

69 1552 136 1597 hil
155 1553 257 1595 [ciat
279 1554 354 1594 nifi
377 1553 565 1601 imitari,
598 1559 648 1594 ut
667 1554 758 1596 aliis
781 1554 977 1595 eiusdem
1004 1553 1179 1609 generis
1198 1554 1458 1599 hominibus

70 1638 95 1664 e
117 1619 265 1664 verbis
292 1636 384 1662 rem
410 1620 708 1678 spectantibus
737 1623 978 1665 admodum
1005 1622 1119 1663 bene
1151 1623 1353 1665 videatur
1386 1625 1455 1667 di-

69 1699 191 1733 ctum
212 1693 320 1740 effe,
351 1689 436 1730 five
456 1688 510 1729 de
538 1697 636 1730 arte
664 1690 829 1731 sutrina
850 1689 1017 1743 aliquid
1040 1691 1296 1746 exposuerit
1318 1694 1454 1734 verfi-

66 1759 171 1809 bus,
202 1773 393 1800 numero
417 1765 460 1798 et.
483 1757 740 1808 harmonia,
770 1760 854 1799 sive
872 1757 927 1799 de
945 1767 1040 1799 arte
1059 1759 1346 1814 imperatoria
1369 1763 1454 1803 five

64 1827 122 1870 de
154 1827 237 1870 alia
261 1840 547 1882 quacumque
574 1840 648 1876 τες
680 1833 770 1866 tam
802 1839 1005 1880 magnam
1038 1826 1146 1868 haec
1178 1826 1264 1883 ipsa
1290 1837 1453 1872 natura

63 1896 399 1939 delectationem
422 1893 607 1941 habe-rm
641 1908 914 1949 quamquam
937 1895 1169 1951 poetarum
1198 1910 1332 1951 opera
1355 1912 1449 1939 mu·

62 1966 170 2008 ficae
192 1963 416 2007 coloribus
441 1963 608 2004 nudata
632 1963 719 2018 ipsa
742 1977 823 2019 per
846 1963 889 2002 se
919 1963 1032 2005 lecta
1061 1963 1256 2005 arbitror
1278 1975 1318 2004 te
1340 1965 1450 2007 scire

61 2033 210 2091 qualia
241 2032 499 2083 videantur3
531 2031 771 2086 cognovisti
791 2030 909 2072 enim
937 2032 1023 2071 fine
1042 2030 1193 2073 dubio.
1254 2033 1348 2089 Ego
1367 2049 1448 2075 ve-

59 2117 136 2154 ro,
165 2101 321 2159 inquit.
380 2100 564 2149 Nonne,
596 2101 802 2156 inquam,
833 2098 986 2141 fimilia
1006 2099 1104 2140 sunt
1128 2099 1255 2141 faciei
1277 2102 1446 2143 flore-n-

59 2171 175 2214 tium
202 2170 401 2226 quidem,
435 2170 502 2211 sed
540 2184 627 2210 non
657 2167 980 2226 pulchrorum,
1012 2167 1150 2222 qualis
1181 2168 1360 2222 quidem
1394 2170 1446 2212 fit

59 2238 114 2281 ad
143 2239 422 2296 adspectum,
453 2239 634 2293 quando
656 2236 737 2278 fios
759 2250 857 2276 eam
879 2235 1104 2277 deseruit?
1134 2236 1339 2289 Prorsus,
1372 2238 1445 2279 in-

58 2306 170 2361 quit.
228 2306 427 2361 Agedum
445 2307 529 2348 hoc
549 2307 715 2364 specta:
746 2303 966 2347 simulacri
993 2303 1193 2352 effector,
1227 2305 1441 2361 imitator,

19 2381 21 2384 “
57 2374 259 2420 dicimus,
289 2390 376 2416 non
394 2374 436 2415 id
460 2374 577 2430 quod
600 2376 656 2416 est
675 2374 907 2430 cognoscit,
929 2371 1000 2413 sed
1026 2371 1065 2413 id
1089 2373 1207 2428 quod
1233 2373 1438 2425 videtur3

55 2457 208 2484 nonne
230 2441 320 2483 ita?
349 2442 507 2484 Etiam.
565 2442 629 2484 Ne
656 2442 792 2496 igitur
811 2441 867 2482 ad
901 2439 1106 2481 dimidias
1139 2440 1180 2481 id
1203 2441 1437 2496 relinqua-

54 2525 156 2552 mus
179 2510 368 2560 dictum,
400 2511 471 2552 sed
490 2510 590 2552 satis
613 2511 851 2551 videamus.
912 2507 1019 2555 Die,
1052 2507 1210 2563 inquit.
1273 2510 1432 2556 Pictor.

53 2578 266 2631 dicimus,
299 2577 492 2621 habenas
523 2579 676 2636 pinget
707 2585 752 2618 et
781 2576 993 2621 frenum?
1023 2576 1158 2621 Vero.
1219 2577 1435 2620 conficiet
