1657 2876
682 135 980 180 cairus.
1437 137 1519 194 293

140 263 278 302 quum
294 247 464 291 fuerint
480 263 752 305 magnaeque
767 250 998 292 eluviones
1011 266 1229 293 annorum
1248 266 1406 293 novem
1423 251 1520 293 mil-

139 318 249 359 lium
282 317 419 374 spatio
455 322 540 369 (tot
560 315 678 357 enim
706 318 760 358 ab
796 317 871 358 illo
903 326 1103 375 tempore
1130 320 1182 360 ad
1213 334 1419 374 praesen>
1447 319 1520 362 in·-

139 389 430 428 tei-cesserunt
450 384 575 434 anni)
597 392 713 425 terra
734 385 800 426 his
829 386 1106 444 temporibus
1123 395 1164 427 et
1189 387 1353 428 cafibus
1378 388 1431 428 ab
1451 388 1521 429 al-

137 452 192 494 tis
215 454 318 495 locis
341 453 539 494 defluens
558 467 703 508 neque
725 466 927 508 aggerem
944 488 954 505 ,
988 462 1038 495 ut
1059 454 1152 495 aliis
1180 454 1226 494 in
1251 455 1375 503 locis,
1409 470 1520 496 con-

136 522 251 575 gerit
272 521 609 577 memorabilem
633 529 678 563 et
700 521 987 563 circumcirca
1009 523 1182 578 semper
1200 520 1519 565 circumfluens

134 591 183 632 in
206 589 480 647 profundum
504 590 617 637 abit;
649 591 802 632 relicta
826 592 960 648 igilur
982 592 1102 636 sunt,
1135 590 1519 646 quemadmodum

133 658 182 700 in
202 658 369 699 morbis
388 658 629 708 diuturnis,
663 661 781 715 quast
800 659 1000 714 corporis
1021 659 1110 700 iarn
1130 660 1395 713 aegrotantis
1417 662 1516 710 offa,

134 727 304 784 quippe
345 735 460 768 terra
502 726 863 773 circumfluente,
916 741 1222 785 quaecumque
1262 726 1436 783 pinguis
1477 733 1520 767 et

133 796 308 848 mollis,
342 804 385 836 et
420 796 542 836 tenui
570 803 746 837 tantum
779 796 971 850 regionis
994 810 1181 851 corpore
1211 795 1377 836 relicto.
1422 802 1518 836 tum

132 881 242 907 vero
265 878 406 919 quum
440 863 609 920 integra
643 873 736 905 erat
770 875 941 906 montes
966 864 1157 906 habebat
1191 863 1411 916 collesque.
1433 876 1520 903 ex-

132 934 268 976 celsos
293 940 337 973 et
360 947 536 989 campos
558 933 820 988 poffidebat‚
855 934 932 988 qui
960 948 1077 975 nunc
1103 932 1265 973 Phenei
1285 931 1515 978 dicuntur,

133 1011 252 1044 lerra
286 1000 438 1058 pingui
467 999 682 1054 refertos,
723 1009 765 1042 et
794 1002 958 1043 multas
988 1003 1033 1043 in
1069 1001 1296 1042 montibus
1324 999 1518 1042 habebat

130 1071 300 1127 sylvas,
341 1083 530 1124 quarum
571 1070 700 1111 etiam
744 1069 890 1112 adhuc
925 1068 1151 1111 manifesta
1194 1070 1297 1110 sunt
1330 1066 1517 1118 indicia3

131 1141 231 1181 sunt
251 1137 370 1179 enim
394 1144 567 1178 montes
589 1139 667 1193 qni
684 1153 805 1179 nunc
829 1139 1008 1193 quidem
1028 1138 1185 1195 apibus
1199 1136 1299 1178 solis
1321 1136 1515 1178 alimen-

133 1217 227 1248 tum
249 1205 486 1262 praebent,
517 1204 563 1245 in
583 1205 743 1260 quibus
762 1222 869 1248 vero
890 1223 980 1248 non
1003 1204 1067 1247 ita
1091 1205 1232 1247 multo
1259 1212 1364 1246 ante
1385 1203 1515 1245 arbo-

128 1289 200 1318 res
215 1273 511 1314 caedebantur
533 1273 585 1314 ad
608 1276 911 1318 maximorum
931 1274 1234 1317 aedificiorum
1262 1272 1515 1316 exstructio-

129 1358 208 1385 nes
238 1341 448 1390 idoneae,
491 1355 682 1395 quorum
709 1350 820 1383 tecta
852 1344 954 1384 sunt
993 1342 1139 1384 adhuc
1168 1342 1299 1383 salva.
1343 1341 1515 1381 multae

129 1417 277 1453 autem
299 1414 426 1450 erant
448 1409 560 1450 aliae
582 1410 748 1451 sativae
775 1410 955 1452 arhcies
985 1410 1200 1458 excelsae,
1233 1417 1273 1449 et
1299 1408 1513 1464 pabulum

129 1477 375 1537 pecudibus
396 1475 662 1519 immensum
685 1477 951 1534 proferebat.
988 1477 1093 1534 quin
1114 1477 1247 1518 etiam
1272 1475 1514 1532 quotannis

129 1563 243 1603 aqua
283 1544 450 1587 caelesti
481 1543 738 1596 fruebatur,
769 1561 884 1595 non,
917 1554 964 1587 ut
995 1560 1138 1594 nunc,
1170 1561 1269 1587 eam
1303 1544 1511 1586 amittens

129 1616 294 1673 quippe
328 1612 543 1655 fluentem
575 1628 599 1653 a
636 1622 756 1654 terra
794 1615 921 1655 sterili
955 1613 1000 1655 in
1032 1629 1181 1665 mare,
1220 1612 1292 1654 sed
1324 1612 1512 1653 multam

128 1683 297 1727 habens
323 1689 365 1722 et
388 1681 433 1722 in
455 1682 591 1722 semet,
617 1681 753 1736 ipsam
781 1682 1039 1739 suscipiens,
1072 1683 1228 1738 argilla
1257 1681 1513 1722 continente

129 1767 228 1794 eam
264 1749 530 1792 conservans
562 1757 606 1790 et
640 1749 890 1807 absorptam
920 1766 1079 1807 aquam
1115 1766 1173 1792 ex
1214 1750 1305 1791 alto
1328 1748 1375 1789 in
1403 1762 1512 1790 cava

129 1819 392 1868 demittens,
424 1818 629 1864 omnibus
650 1819 699 1861 in
721 1819 825 1860 locis
855 1819 1097 1876 praebebat
1129 1820 1276 1872 largos
1313 1816 1510 1858 sontium

129 1898 173 1933 et
189 1889 429 1931 fluminum
450 1887 616 1939 latices,
649 1902 840 1942 quorum
863 1888 993 1930 eniam
1020 1903 1140 1930 nnnc.
1165 1887 1311 1929 adhuc
1332 1885 1379 1927 in
1404 1884 1511 1926 fon-

128 1958 243 2000 tibus
271 1955 460 2013 pristinis
483 1956 603 1998 sacra
626 1957 778 1998 relicta
796 1957 897 1998 sunt
920 1956 1191 1998 documenta
1210 1954 1406 1998 veritatis
1429 1969 1509 1994 eo-

126 2041 229 2069 rum
259 2039 373 2080 quae
404 2039 525 2065 nunc
556 2024 610 2065 de
638 2023 714 2066 illa
737 2025 1041 2081 exposuimus.
1102 2024 1166 2067 Ac.
1200 2023 1370 2079 reliqua
1404 2021 1510 2077 qui-

127 2093 229 2136 dem
263 2091 384 2149 regio
412 2101 570 2134 natura
600 2093 645 2133 se
675 2093 727 2134 fic
759 2093 975 2144 hahebat,
1013 2101 1058 2135 et
1092 2093 1415 2144 adornabatur,
1459 2096 1510 2131 ut

128 2163 470 2206 consentaneum
493 2163 571 2214 est,
604 2161 658 2203 ab
681 2162 884 2218 agricolis
915 2162 1033 2203 veris
1061 2160 1196 2216 idque
1212 2156 1357 2218 ipsum
1378 2174 1509 2216 agen·

128 2230 443 2286 tibus,pulchri
465 2238 509 2272 et
531 2229 697 2272 honesti
722 2230 972 2273 amantibus
991 2233 1197 2285 bonaque
1215 2230 1363 2273 indole
1381 2242 1508 2285 prae-

127 2297 228 2341 ditis
243 2330 254 2350 ‚
284 2305 450 2341 terram
469 2314 608 2356 porro
633 2299 844 2356 optimam
871 2307 917 2341 et
937 2314 1099 2354 aquam
1122 2299 1401 2354 largissimam
1424 2296 1507 2336 ha-

128 2366 338 2409 bentibus
378 2367 602 2423 supraque
643 2375 810 2410 terram
852 2368 1025 2411 eaelum
1066 2367 1506 2425 temperatisfiinun13

127 2435 234 2477 urbs
260 2450 367 2476 vero
398 2436 451 2477 fic
490 2436 682 2479 instituta
713 2443 809 2479 erat
837 2435 912 2479 illo
937 2444 1150 2495 tempore.
1190 2436 1389 2496 primum
1422 2444 1507 2474 arx

127 2511 234 2547 tunc
263 2519 357 2548 non
384 2502 446 2547 ita
474 2503 667 2549 habebat
696 2512 744 2548 ut
770 2519 891 2549 nunc
922 2504 1082 2561 habet3
1111 2521 1234 2550 nunc
1264 2503 1382 2548 enirn
1418 2515 1505 2543 nna
