1657 2876
624 226 626 228 *
682 191 972 235 CRITIAS.
1445 194 1526 237 515

147 316 316 355 sacrato
353 307 497 366 epulis
532 303 758 360 rebusque
794 305 1038 347 necessariis
1079 307 1282 349 vacabat.
1335 308 1530 351 tenebris

146 395 257 423 vero
287 378 451 421 obortis
482 375 670 431 igneque
700 372 984 415 victimarum
1013 372 1107 414 sere
1137 375 1347 416 exstincto
1376 391 1529 419 omnes

146 450 250 490 stola
270 460 407 502 quam
436 441 739 500 pulcherrima
763 442 967 483 caerulea
990 442 1139 486 induti
1167 443 1212 485 in
1244 443 1530 487 victimarum

146 517 293 559 calore
320 512 447 555 humi
466 510 748 554 confidebant
768 517 1004 566 noctuque,
1026 511 1152 552 omni
1173 511 1288 553 circa
1307 515 1528 570 templum

143 585 248 642 igne
270 581 503 632 exstincto,
533 581 581 622 in
606 577 822 621 iudicium
845 578 1122 622 vocabantur
1152 587 1195 622 et
1223 581 1468 633 vocabant,
1500 583 1529 624 fi

144 654 244 711 quis
265 650 375 708 quid
392 648 663 705 migrantem
681 661 840 688 eorum
873 646 1065 703 aliquem
1093 650 1339 691 accusaffet.
1389 664 1534 705 quum.

143 737 253 765 vero
275 717 506 774 exiequuti
528 716 661 757 effent
682 714 848 757 iudicia
870 715 1052 772 diesque
1072 717 1300 768 illuxisset,
1332 717 1376 760 in
1398 733 1534 760 aurea

142 791 294 834 tabula
325 786 622 842 insculpentes
654 799 757 827 curn
786 783 901 826 stolis
929 796 1227 829 monumenta
1254 787 1533 830 dedicarunt.

143 875 194 903 ac
216 859 334 913 leges
355 853 536 912 quidem
554 855 721 895 multae
747 853 859 895 aliae
869 854 924 895 de
942 870 1096 911 regum
1111 854 1323 911 dignitate
1342 856 1532 913 singulo-

141 941 244 971 rum
267 931 393 966 erant
410 922 644 980 propriae,
676 923 927 964 maximum
952 938 1059 966 vero
1082 924 1167 967 hoc
1193 931 1289 966 erat
1308 924 1403 981 lege
1430 925 1533 966 san-

144 995 310 1044 citum,
342 1006 400 1033 ne
422 1006 636 1046 umquam
658 1006 784 1033 arma
811 992 925 1033 inter
942 993 983 1033 se
1005 992 1250 1045 inferrent,
1284 993 1353 1034 sed
1378 1008 1531 1036 omnes

142 1062 487 1113 auxiliarentur,
513 1059 649 1101 ficubi
670 1060 828 1115 aliquis
849 1059 892 1101 in
920 1059 1100 1101 civitate
1125 1062 1333 1117 quapiam
1353 1062 1528 1117 regium

142 1145 300 1174 eorum
322 1129 563 1185 exstirpare
591 1129 915 1184 aggrederetur
934 1143 1096 1185 genUS,
1125 1128 1428 1171 communiter
1453 1145 1535 1169 ve·-

142 1215 218 1250 ro,
273 1197 656 1252 quemadmodum
704 1197 982 1254 superiores,
1031 1212 1176 1254 quum
1212 1196 1261 1239 in
1299 1198 1532 1240 confilium

141 1266 340 1316 ivissent,
373 1280 424 1306 ea
459 1280 574 1321 quae
603 1265 659 1306 de
688 1264 804 1308 bello
836 1266 1018 1322 aliisque
1046 1267 1177 1310 rebus
1203 1268 1409 1322 gerendis
1430 1267 1531 1323 ipsis

141 1335 233 1378 visa
266 1341 393 1374 erant
434 1331 809 1387 exsequebantur,
861 1335 1165 1391 principatum
1211 1343 1254 1377 ct
1285 1336 1531 1391 imperium

144 1399 368 1446 Atlantico
399 1399 552 1456 generi
574 1398 839 1447 tribuentes:
865 1403 983 1443 necis
1015 1412 1166 1445 autem
1191 1411 1240 1445 ut
1270 1406 1528 1461 potestatem

142 1470 274 1513 rexin
294 1468 468 1509 nullum
489 1474 780 1520 cognatorum
804 1467 1001 1521 haberet,
1024 1471 1103 1512 nifi
1122 1474 1222 1528 plus
1245 1471 1432 1515 dimidio
1451 1473 1529 1513 de-

144 1553 239 1581 cem
254 1536 436 1578 illorum
453 1534 695 1576 videretur.

258 1675 385 1718 Hanc
414 1672 548 1729 igitur
576 1680 747 1717 tantam
776 1678 818 1712 et
849 1671 985 1714 talem
1021 1674 1267 1730 potentiam
1301 1689 1417 1731 quae
1447 1676 1532 1718 illis

143 1746 190 1788 in
208 1744 318 1788 locis
336 1751 434 1783 tum
463 1750 558 1784 erat
577 1742 684 1783 deus
711 1739 758 1781 in
785 1741 915 1783 hosce
938 1743 1056 1783 locos
1077 1745 1361 1799 compofitznn
1383 1745 1532 1786 addu-

142 1815 212 1857 xit
239 1813 356 1855 hanc
377 1810 489 1859 fere,
517 1816 569 1849 ut
600 1808 817 1856 traditur,
849 1809 905 1850 ob
936 1811 1129 1853 causam.
1173 1813 1316 1854 multa
1350 1814 1530 1868 quidem

143 1898 226 1941 per
257 1879 454 1929 saecula,
486 1878 699 1932 quamdiu
724 1877 793 1918 dei
823 1887 984 1921 natura
1020 1878 1079 1920 eis
1107 1879 1391 1935 suppetebat,
1423 1882 1532 1938 legi-

143 1953 225 1993 bus
256 1945 623 2003 obtemperabant
657 1961 895 2002 comesque
922 1955 1052 1989 erant
1082 1961 1187 2002 erga
1217 1948 1423 1991 divinum
1453 1965 1532 1990 co-

143 2026 355 2076 gnatum;
395 2015 594 2056 animum
614 2016 731 2057 enim
752 2015 974 2058 habebant
1000 2031 1157 2057 verum
1180 2017 1400 2073 planeque
1431 2033 1532 2059 ma-

143 2103 308 2146 gnum,
337 2083 619 2127 clementiam
648 2083 874 2138 quandam
908 2084 1180 2140 prudentem
1210 2093 1254 2126 et
1285 2085 1331 2126 in
1366 2087 1531 2128 casibus

145 2155 396 2213 quibusque
418 2152 713 2194 incidentibus
735 2160 779 2193 et
799 2153 843 2193 in
853 2160 920 2193 ter
939 2153 984 2192 se
1007 2163 1288 2207 exercente33
1320 2155 1529 2210 quocirca

141 2231 323 2283 praeter
365 2221 580 2263 virtutem
620 2221 772 2262 omnia
806 2219 1094 2277 despicientes
1130 2222 1264 2278 parvi
1307 2221 1531 2264 faciebant

143 2308 196 2335 ea
226 2306 339 2347 quae
358 2289 651 2347 possidebant,
683 2296 726 2330 et
751 2288 882 2330 facile
908 2287 1114 2331 ferebant
1147 2298 1377 2349 tamquam
1411 2306 1528 2335 onus

141 2359 240 2402 auri
272 2364 612 2414 ceterarumque
642 2356 906 2400 facultatum
930 2359 1120 2410 molem,
1152 2374 1244 2400 non
1274 2359 1385 2401 ebrii
1417 2376 1529 2417 pro-

142 2434 242 2484 pter
262 2425 490 2468 luxuriam
510 2440 591 2467 nec
613 2441 738 2468 mero
771 2425 965 2467 hebetati
987 2425 1266 2480 labebantur,
1297 2426 1368 2467 sed
1392 2426 1527 2468 sobrii

141 2503 270 2537 acute
297 2492 622 2550 perspiciebant
653 2493 763 2536 hacc
801 2493 952 2535 omnia
992 2493 1186 2535 amicitia
1222 2493 1451 2537 communi
1483 2501 1528 2535 et

141 2561 308 2604 virtute
336 2562 590 2616 augescere,
630 2560 812 2603 illorum
836 2575 945 2602 vero
977 2561 1118 2603 studio
1157 2569 1200 2603 et
1229 2563 1398 2604 honore
1431 2569 1526 2604 tum

141 2629 252 2672 haec
275 2629 366 2686 ipsa
384 2629 533 2685 perire
554 2636 651 2670 tum
672 2628 768 2670 illas
789 2643 890 2670 cum
913 2628 980 2670 his
999 2630 1225 2685 exstingui.
1256 2644 1312 2671 ex
1332 2629 1416 2670 hac
1438 2629 1524 2683 igi-

143 2706 216 2742 tur
235 2697 512 2755 reputatione
530 2704 573 2739 et
592 2703 751 2741 natura
779 2695 929 2740 divina
950 2706 1246 2755 permanente
1269 2697 1419 2740 omnia
1444 2698 1520 2754 ip-
