1657 2876
292 644 602 684 ΤΙΜΑΙΟΣ
656 641 948 680 ΚΡΙΤΙΑΣ
996 640 1390 682 ΣΩΚΡΑΤΗΣ

586 710 1079 750 ΕΡΜΟΚΡΛΤΗΣ.

137 852 150 869 ..

67 857 254 931 106Ως
275 877 465 933 ἅσμενος,
495 872 530 920 οἷ
550 876 784 933 Σώκρατες,
816 876 905 920 οἷον
934 879 978 920 ἐκ
1006 881 1162 933 μακρᾶς
1193 874 1531 932 ἀναπεπαυμένος

141 948 266 1001 ὁδοῦ,
304 952 379 991 νῦν
411 946 540 996 οὕτως
559 950 595 998 *)
628 948 670 989 ἐκ
700 952 773 1000 τῆς
802 952 876 989 τοῦ
904 945 1026 1002 λόγου
1058 948 1289 1001 διαπορείας
1319 945 1532 1002 ἀγαπητῶς

141 1014 418 1072 ἀπήλλαγμαι]
455 1020 513 1074 τῷ
543 1015 586 1057 δὲ
614 1017 711 1070 πρὶν
742 1015 813 1069 μὲν
844 1015 969 1057 πάλαι
997 1012 1092 1056 ποτ’
1123 1016 1246 1071 ἔργῳ,
1286 1021 1364 1058 νῦν
1393 1016 1436 1058 δὲ
1466 1013 1532 1058 λό-

141 1103 227 1142 γοις
254 1078 344 1140 ἄρτι
371 1089 459 1142 θεῷ
485 1081 665 1140 γεγονότι
688 1081 987 1137 προςεύχομαι,
1018 1087 1099 1125 τῶν
1120 1085 1328 1137 ῥηθέντων
1351 1082 1428 1127 ὅσα
1457 1084 1531 1138 μὲν

97 1162 127 1196 Β
144 1152 297 1209 ἐρῤἡθη
324 1155 495 1209 μετρίως
509 1187 520 1204 ,
557 1154 759 1206 σωτηρίαν
778 1148 877 1204 ἡμῖν
897 1147 1022 1194 αὐτόν
1040 1149 1175 1194 αὐτῶν
1196 1151 1368 1204 διδόναι,
1381 1152 1534 1207 *nocqo'e

143 1224 263 1277 μέλος
292 1222 334 1264 δὲ
363 1224 403 1264 εἷ’
428 1240 462 1264 τι
493 1224 584 1277 περὶ
615 1219 749 1264 αὐτῶν
780 1220 943 1270 ἄκοντες
973 1222 1157 1274 εἴπομεν,
1191 1224 1308 1274 δίκην
1336 1219 1411 1274 τὴν
1440 1222 1533 1275 πρέ-

141 1305 304 1334 πουσαν
338 1291 583 1332 ἐπιτιθέναι·
619 1293 709 1342 δίκη
742 1289 784 1330 δὲ
814 1286 921 1343 ὀρθὴ
951 1287 1023 1331 τὸν
1052 1294 1357 1345 πλημμελοῦντα
1387 1291 1535 1342 ἐμμελῆ

143 1365 288 1402 ποιεῖν.
330 1353 392 1400 ’ἵν’
424 1351 499 1399 οὖν
527 1356 572 1399 τὸ
607 1355 751 1399 λοιπὸν
788 1355 885 1407 τούς
913 1359 1006 1410 περὶ
1034 1363 1146 1400 θεῶν
1175 1360 1364 1414 γενέσεως
1395 1353 1535 1413 ὀρθῶς

141 1429 316 1483 λέγωμεν
337 1428 394 1477 **)
434 1424 598 1481 λόγους,
638 1424 859 1480 φάρμακον
899 1421 996 1480 ἡμῖν
1026 1424 1152 1469 αὐτὸν
1191 1424 1426 1470 τελεώτατον
1464 1427 1533 1469 καὶ

188 1599 223 1640 *)
249 1611 306 1645 γρ.
332 1596 494 1632 ὅντως.

189 1647 247 1690 **)
272 1657 328 1691 γρ.
356 1644 601 1689 λέγοιμεν.

297 1870 617 1916 TIMAEUS
668 1868 953 1914 CRITIAS
1002 1869 1380 1916 SOCRATES

566 1939 1112 1985 HERMOCRATES.

147 2093 327 2181 Quam
359 2114 529 2165 laetus,
580 2113 786 2166 Socrate,
841 2121 1076 2170 tamquam
1117 2129 1144 2155 a
1173 2113 1304 2168 longa
1354 2111 1537 2169 requie-

148 2185 271 2224 scens
301 2182 398 2231 via,
437 2198 559 2225 nunc
600 2183 659 2225 ita
688 2198 713 2224 a
752 2183 967 2225 sermonis
1007 2183 1166 2224 itinere
1200 2182 1410 2224 lubenter
1448 2182 1535 2224 dis-

148 2253 271 2293 cesfi!
335 2267 439 2294 eum
484 2239 595 2293 vero
637 2251 714 2307 qui
750 2259 854 2293 ante.
905 2251 1086 2309 quidem
1122 2249 1212 2293 iam
1253 2250 1427 2294 dudum
1470 2266 1535 2303 re,

148 2335 270 2362 nunc
295 2328 443 2362 autem
462 2320 611 2363 verbis
630 2321 767 2362 modo
794 2320 903 2362 deas
923 2319 1067 2363 factus
1094 2320 1172 2370 est,
1203 2334 1364 2375 precor
1384 2328 1436 2362 ut
1454 2335 1537 2362 eo-

149 2404 252 2431 rum
274 2404 388 2444 quae
411 2399 530 2432 recte
551 2390 667 2433 dicta
687 2392 788 2431 suut
818 2389 1006 2432 salutem
1035 2387 1162 2430 nobis
1186 2387 1277 2445 ipse,
1307 2388 1535 2446 praebeat,

152 2458 180 2498 fi
212 2457 317 2513 quid
353 2472 462 2501 vero
495 2459 644 2501 absoni
672 2459 727 2500 dc
758 2458 844 2500 illis
877 2457 1009 2501 inviti
1040 2458 1340 2515 protulimus,
1392 2469 1536 2512 poena

151 2524 439 2568 conveniente
471 2541 551 2567 nos
579 2527 764 2579 afficiat3
809 2542 955 2584 poena
986 2535 1134 2569 autem
1176 2534 1300 2568 recta
1334 2525 1444 2567 haec
1480 2524 1536 2564 est

149 2609 266 2648 quae
285 2594 610 2652 discrepantem
634 2594 765 2637 efficit
788 2595 1108 2636 concinentem.
1140 2603 1189 2637 ut
1213 2594 1353 2650 igitur
1374 2595 1420 2635 in
1451 2608 1538 2649 po-

150 2664 313 2705 sterum
336 2663 391 2704 de
408 2669 511 2706 ortu
535 2662 719 2707 deorum
744 2668 863 2707 recte
883 2664 1158 2718 disseramus,
1179 2676 1413 2721 precamur
1434 2676 1537 2704 eum
