1657 2876
619 105 952 149 TIMAEUS.
1391 105 1471 148 251

88 219 370 264 dulcedinem
389 234 496 263 vero
518 225 680 261 natura
701 216 765 258 illi
786 217 959 260 insitam
985 220 1022 260 ei
1055 219 1271 262 adhibens
1295 217 1476 260 omnia-

88 305 177 346 que
205 297 323 332 recta
361 297 405 331 et
436 286 551 330 levia
584 293 628 326 et
655 284 797 327 libera
828 284 921 326 eius
953 286 1148 343 dirigens
1177 287 1398 344 placatam
1431 293 1475 327 et

87 359 362 401 mansuetam
384 354 592 397 redderet
615 352 756 395 animi
774 361 947 409 partem
970 353 1084 396 circa
1108 356 1233 396 iecur
1264 354 1475 396 habitan-

87 434 177 468 tem
195 457 207 478 ‚
223 427 282 469 ita
305 432 356 467 ut
382 430 518 465 noctu
537 427 715 478 tempus
739 421 841 463 satis
864 421 1115 464 traduceret
1135 429 1178 462 et
1198 421 1474 463 divinatione

85 501 286 536 uteretur
304 505 383 548 per
400 491 624 542 somnum,
656 504 798 545 quum
818 487 1001 531 rationis
1026 498 1068 532 et
1088 488 1350 546 prudentiae
1371 491 1474 531 effet

86 576 261 619 expers.
300 573 525 600 memores
550 557 669 599 enim
692 556 829 614 patris
856 557 1057 599 mandati
1077 557 1107 600 ii
1130 557 1206 614 qui
1226 572 1306 599 nos
1330 556 1472 598 finxe-

85 635 215 678 runt,
255 641 397 683 quum
430 626 616 668 mortale
649 638 789 681 genus
814 639 947 681 quarn
978 625 1199 682 optimum
1233 639 1318 683 pro
1355 623 1471 666 viri-

85 697 167 739 bus
188 710 264 740 eos
285 694 460 736 efficere
482 693 682 746 iusfiffet‚
709 693 869 736 iccirco
902 693 1035 736 etiam
1057 693 1190 735 vilem
1211 692 1346 736 nostri
1364 707 1473 750 par-

86 771 179 806 tem
200 763 418 820 erigentes
437 771 486 804 ut
505 762 737 806 veritatem
757 761 1086 818 quodammodo
1108 762 1359 819 attingeret,
1388 776 1472 803 va-

86 832 334 876 ticinationi
358 831 482 873 huuc
509 831 828 874 constituerunt
860 832 1023 875 locum.
1075 831 1173 874 satis
1202 837 1353 872 autem
1384 829 1471 871 hoc

85 900 336 957 argumenti
352 902 412 942 est
421 898 743 941 divinationem
758 900 888 942 deum
901 899 1233 960 imprudentiae
1244 900 1472 941 humanae

87 969 285 1012 tribuisse
299 999 311 1020 ‚
343 968 459 1024 quod
479 983 612 1010 nemo
634 968 794 1010 mentis
817 983 1002 1024 compos
1024 968 1386 1026 praesagitionem
1400 981 1470 1008 as-

86 1037 285 1094 sequitur
319 1036 518 1078 divinam
548 1043 589 1077 et
612 1050 762 1078 veram
781 1066 794 1085 ‚
830 1037 902 1078 sed
932 1038 1001 1080 vel
1029 1054 1112 1096 per
1132 1039 1336 1080 somnum
1357 1051 1472 1093 pru-

87 1107 262 1149 dentiae
289 1104 333 1147 vi
365 1104 568 1160 colligata
595 1105 666 1146 vel
698 1119 779 1160 per
808 1106 1020 1148 morbum
1050 1107 1362 1149 instinctumve
1393 1103 1473 1145 ali-

84 1189 221 1230 quem
251 1172 454 1217 divinum
486 1179 528 1213 et
557 1170 756 1214 afflatum
786 1182 1008 1229 permota.
1057 1175 1129 1217 sed
1156 1173 1385 1231 prudentis
1414 1173 1473 1213 est

84 1240 334 1300 perspicere
369 1239 679 1282 recordantem
714 1255 765 1281 ea
794 1255 907 1295 quae
933 1242 1006 1283 vel
1027 1242 1247 1285 somnians
1270 1242 1343 1283 vel
1361 1239 1471 1296 vigi-

84 1313 180 1352 lans
193 1306 365 1367 profert
376 1315 538 1351 natura
550 1307 827 1364 praesagiens
839 1316 883 1350 et
895 1309 1053 1351 divino
1068 1309 1225 1353 afflatu
1237 1309 1471 1359 concitata,

86 1385 130 1419 et
147 1391 458 1433 quaecumque
471 1377 565 1418 visa
577 1375 860 1427 obiiciantur,
873 1377 1025 1418 omnia
1035 1387 1246 1435 reputare
1260 1386 1303 1420 et
1316 1376 1473 1419 diiudi-

86 1461 204 1493 care,
221 1452 443 1500 quatenus
458 1444 696 1500 significent
708 1451 750 1485 et
764 1443 835 1485 cui
847 1444 1014 1501 aliquid
1028 1447 1134 1490 mali
1150 1446 1216 1488 vel
1228 1445 1331 1487 boni
1349 1443 1472 1486 futu-

88 1516 129 1557 ri
142 1514 211 1556 vel
223 1513 448 1571 praeteriti
462 1513 534 1553 vel
554 1526 734 1569 praesen
744 1513 794 1553 tis
808 1528 820 1563 3
845 1512 939 1554 eius
953 1522 1104 1557 autem
1118 1516 1194 1571 qui
1206 1522 1354 1557 mente
1365 1512 1471 1554 inci-

87 1591 207 1626 tatus
225 1583 283 1623 est
302 1589 344 1623 et
372 1581 519 1623 adhuc
545 1580 593 1622 in
617 1579 701 1622 hoc
725 1581 834 1622 statu
859 1581 1174 1634 versam-,non
1196 1583 1254 1623 est
1272 1596 1386 1637 quae
1398 1581 1473 1621 vi-

87 1652 202 1694 derit
222 1658 267 1692 et
286 1648 523 1707 protulerit
544 1647 766 1696 iudicare,
797 1649 870 1690 sed
894 1648 1003 1690 bene
1023 1649 1116 1691 iam
1134 1649 1376 1706 antiquitus
1397 1648 1471 1690 di-

88 1727 210 1762 ctum
241 1719 299 1759 est
330 1717 376 1759 in
402 1717 646 1774 sapientem
677 1717 821 1760 solum
851 1717 1010 1759 cadere
1031 1725 1082 1759 ut
1111 1725 1211 1774 agat
1229 1724 1272 1759 et
1301 1730 1472 1773 cogno-

87 1788 180 1829 scat
200 1793 244 1828 et
261 1801 331 1827 res
352 1786 448 1827 suas
465 1793 507 1827 et
520 1786 657 1828 semet
675 1785 836 1840 ipsum.
869 1784 1077 1841 quocirca
1093 1785 1163 1827 lex
1185 1787 1241 1827 est
1257 1792 1308 1826 ut
1327 1784 1472 1826 inter-

86 1861 235 1914 pretes
275 1853 438 1896 divinis
486 1851 875 1896 vaticinationibus
922 1851 1092 1895 iudices
1134 1853 1471 1911 praeficiantur,

88 1938 197 1980 quos
218 1930 337 1966 vates
367 1929 633 1978 nuncupant
662 1919 846 1975 quidam
876 1922 1056 1978 prorsus
1076 1923 1351 1980 ignorantes,
1390 1922 1472 1964 hos

89 1991 376 2033 oraculorum
414 1989 596 2032 obscure
625 1989 851 2032 editorum
877 1998 923 2032 et
951 1989 1149 2033 visorum
1176 1991 1258 2032 effe
1286 1989 1472 2044 iudices,

87 2057 351 2114 neutiquam
398 2066 546 2108 vates3
585 2058 850 2117 interpretes
886 2074 990 2102 vero
1021 2058 1361 2105 vaticinantium
1395 2074 1472 2102 re-

89 2128 271 2170 ctissime
294 2126 515 2169 dicentur.

200 2195 264 2238 Ac
289 2202 449 2237 natura
480 2194 662 2251 quidem
695 2195 856 2240 iecoris
878 2197 957 2240 has
978 2196 1034 2238 ob
1062 2196 1211 2238 causas
1230 2194 1331 2237 talis
1354 2203 1398 2237 et
1419 2210 1470 2236 eo

89 2263 136 2306 in
156 2264 257 2305 loco
279 2277 413 2318 quem
432 2264 630 2308 diximus
651 2263 981 2308 vaticinationis
1009 2265 1137 2306 causa
1163 2264 1300 2322 posita
1321 2265 1389 2306 est.
1429 2270 1473 2305 et

90 2331 240 2374 adhuc
267 2331 444 2386 quidem
472 2332 655 2376 vivente
682 2348 858 2390 quoque
888 2335 1005 2388 figna
1034 2332 1144 2374 illud
1172 2332 1474 2375 manifestiora

90 2399 253 2451 habet,
290 2400 518 2455 privatum
549 2402 781 2445 vei-01vita
804 2417 985 2444 caecum
1016 2402 1171 2444 exfistit
1192 2409 1236 2442 et
1255 2400 1473 2443 vaticina-

92 2468 236 2510 tiones
270 2467 545 2512 ‹Jbscuriores
577 2469 712 2511 habet
739 2485 872 2526 quam
903 2477 953 2511 ut
987 2469 1095 2512 clari
1119 2470 1227 2527 quid
1250 2468 1473 2525 significet.

91 2535 354 2578 vicinorum
384 2545 532 2578 autem
568 2536 787 2579 viscerum
821 2537 1086 2579 constructio
1110 2545 1152 2579 et
1184 2538 1303 2580 sedes
1326 2554 1351 2580 a
1371 2535 1478 2577 fini-

91 2606 179 2648 ssra
196 2604 235 2646 ei
258 2603 468 2648 collocata
488 2605 561 2657 est,
594 2612 647 2646 ut
668 2606 811 2662 ipsum
829 2605 1114 2664 splendidum
1134 2608 1308 2665 semper
1330 2613 1369 2646 et
1389 2619 1476 2661 pu-
