1657 2876
654 147 957 192 CR1T1AS.
1396 151 1477 195 503

101 262 198 305 cibo
230 261 401 304 utimur
430 261 655 318 (vocamus
681 270 826 302 autem
859 277 1013 304 omnes
1042 264 1136 306 eius
1172 273 1317 321 partes
1346 266 1480 323 legu-

101 330 244 380 mina)
267 342 308 371 et
331 345 433 371 eum
460 330 535 384 qui
569 329 739 383 ligneus
762 330 842 378 est,
873 333 1106 387 potulenta
1135 341 1175 373 et
1195 336 1411 376 esculenta
1434 342 1479 377 et

99 407 330 454 unguenta
356 398 527 443 (erens,
558 411 692 452 porro
715 397 789 451 qui
821 398 911 438 ludi
946 407 990 440 et
1021 400 1323 442 oblectationis
1350 404 1479 445 causa

100 467 264 509 exstitit
291 466 499 507 arborum
529 463 697 505 fructus
720 466 941 507 asservata
970 466 1176 520 difficilis,
1210 477 1251 509 et
1273 484 1386 524 quae
1408 471 1481 511 sa-

98 535 264 578 tietatis
298 533 516 575 levamina
539 532 720 576 bellaria
742 535 968 590 languenti
992 544 1170 592 accepta
1192 538 1476 594 apponimus,

98 605 250 647 omnia
271 603 380 645 haec
395 602 534 642 insula
553 616 666 656 quae
686 609 781 642 tum
796 602 875 643 sub
888 603 1081 644 soleerat
1093 607 1209 646 sacra
1222 607 1412 662 pulchra
1436 614 1479 648 et

98 671 377 716 admirabilia
404 677 444 710 et
464 669 517 710 ad
540 684 779 712 numerum
798 669 972 713 infinita
993 672 1266 728 proferebat.
1309 684 1350 716 et
1372 675 1479 716 haee

98 742 276 797 quidem
305 739 567 795 accipientes
588 738 739 780 omnia
766 754 791 780 a
815 746 936 781 terra
955 741 1265 784 exstruxerunt
1295 745 1478 800 templa,

95 809 240 865 regias
262 806 579 858 habitationes,
612 814 793 862 portus,
826 807 999 849 navalia
1029 809 1371 868 universamque
1401 827 1479 855 re..

94 878 266 936 liquam
292 885 486 921 terram,
516 875 602 916 hoc
623 874 778 915 ordine
801 876 952 917 omnia
971 878 1295 922 constituentes.

209 945 344 989 Maris
367 942 492 985 orbes
510 974 521 992 ‚
551 941 629 996 qui
649 943 872 999 pristinam
905 945 1063 988 urbem
1093 947 1353 1002 primariam
1390 949 1479 992 cir-

97 1013 394 1064 cumdabant,
434 1011 635 1068 primum
664 1020 802 1068 ponte
830 1011 1097 1063 iunxerunt,
1129 1015 1250 1058 viam
1284 1026 1408 1060 extra
1434 1027 1480 1061 et

95 1084 151 1126 ad
208 1083 375 1138 regiam
416 1079 672 1122 munientes
697 1095 710 1130 3
770 1087 815 1120 et
862 1081 1029 1135 regiam
1070 1081 1117 1124 in
1175 1083 1259 1127 hoc
1308 1086 1379 1127 dei
1433 1095 1480 1129 et

107 1152 333 1195 maiorum
375 1147 599 1191 domicitio
647 1147 774 1189 initio
828 1150 1135 1193 exstruxerant
1169 1153 1334 1206 statim,
1367 1156 1479 1198 alter

93 1236 207 1264 vero
228 1220 283 1261 ab
307 1218 446 1260 altero
469 1216 687 1272 accipiens
714 1225 870 1258 ornata
895 1218 1096 1259 ornando
1124 1220 1362 1278 superabat
1394 1239 1477 1280 pro

93 1289 265 1333 viribus
291 1285 499 1344 proxime
535 1299 760 1340 quemque
793 1285 1156 1341 antecedentem,
1201 1290 1340 1332 donec
1372 1307 1481 1348 pro-

93 1366 194 1417 pter
226 1353 579 1411 magnitudinem
620 1361 664 1393 et
705 1353 1090 1409 pulchritudinem
1141 1372 1332 1414 operum
1396 1359 1482 1402 ad·-

92 1424 302 1470 mirabile
349 1423 443 1463 visu
481 1420 726 1462 effecerunt
782 1420 1051 1464 aedificium.
1146 1425 1300 1468 foffam
1357 1429 1480 1471 enim

93 1493 181 1537 tria
228 1493 382 1548 iugera
429 1489 564 1531 latam
586 1520 598 1537 ‚
668 1497 849 1529 centum
892 1491 1026 1546 pedes
1065 1493 1203 1534 altam
1253 1501 1295 1535 et
1346 1497 1481 1552 quin..

94 1562 304 1620 quaginta
360 1558 493 1601 stadia
533 1559 713 1613 longam
754 1572 781 1599 a
819 1557 938 1598 mari
975 1559 1030 1600 ad
1062 1559 1282 1603 extimum
1323 1565 1481 1608 orbem

95 1629 333 1681 foderunt,
380 1634 424 1669 et
457 1626 682 1668 recursum
715 1641 739 1666 e
769 1625 886 1666 mari
914 1626 969 1668 ad
1005 1628 1126 1669 hunc
1167 1637 1398 1685 tamquam
1433 1634 1483 1676 in

96 1705 278 1758 portum
299 1695 524 1747 fecerunt,
557 1710 604 1736 os
631 1694 886 1736 diducentes
913 1702 964 1735 ut
994 1695 1219 1738 maximae
1249 1713 1389 1741 naves
1408 1700 1483 1744 in-

92 1765 202 1809 vehi
227 1767 408 1823 poffent.
440 1771 574 1818 atque
614 1764 749 1806 etiam
780 1772 923 1806 terrae
944 1762 1102 1817 orbes,
1133 1765 1207 1819 qui
1238 1769 1375 1810 maris
1405 1785 1483 1813 or-

94 1834 174 1877 bes
194 1831 561 1890 intersepiebant,
592 1833 804 1888 pontibus
825 1832 1074 1874 diviserunt
1095 1832 1154 1874 ita
1185 1843 1236 1875 ut
1262 1852 1351 1879 una
1382 1847 1483 1882 tan-

93 1911 195 1946 tum
213 1901 407 1943 triremis
435 1900 489 1942 ab
513 1915 603 1942 uno
627 1901 680 1943 ad
712 1901 901 1943 alterum
933 1901 1122 1957 pervehi
1145 1906 1280 1959 posset
1295 1936 1305 1955 ,
1338 1914 1382 1948 et
1406 1907 1482 1950 iu-

95 1977 304 2014 texerunt
344 1971 556 2026 superne,
597 1977 649 2010 ut
684 1968 836 2010 subtus
874 1967 1005 2010 fieret
1041 1970 1294 2027 navigati03
1334 1983 1484 2019 terrae

96 2040 219 2083 enim
241 2038 420 2081 orbium
437 2038 561 2080 labra
585 2037 871 2081 altitudinem
896 2037 992 2079 satis
1026 2053 1237 2095 magnam
1258 2041 1483 2088 habebant

95 2116 147 2151 ut
168 2109 302 2166 supra
322 2123 448 2149 mare
472 2107 734 2148 eminerent.
766 2113 862 2148 erat
883 2114 1034 2148 autem
1058 2108 1280 2150 maximus
1298 2111 1481 2156 orbium

95 2177 133 2220 is
151 2177 198 2218 in
212 2191 344 2232 quem
367 2191 493 2217 mare
515 2175 793 2232 perforatum
818 2183 938 2226 erat,
961 2175 1046 2217 tria
1066 2177 1198 2219 stadia
1220 2177 1356 2230 latus,
1377 2195 1480 2237 pro-

96 2244 247 2288 ximus
279 2251 423 2286 ter-rae
445 2243 750 2298 aequalisi1113
785 2243 979 2286 duorum
1007 2245 1282 2300 sequentium
1314 2247 1479 2292 fluidus

97 2314 187 2357 duo
207 2312 340 2354 stadia
364 2313 502 2366 latus,
532 2315 663 2354 siccus
685 2327 791 2354 vero
810 2312 1003 2368 aequalis
1022 2313 1174 2354 rursus
1195 2313 1338 2357 fluido
1355 2318 1482 2373 prio-

98 2382 139 2424 ri
153 2413 164 2430 ,
198 2388 243 2422 et
260 2380 445 2423 stadium
467 2381 502 2422 is
524 2381 636 2423 latus
659 2388 754 2423 erat
774 2381 849 2435 qui
866 2381 1005 2437 ipsam
1024 2382 1070 2422 in
1095 2382 1241 2425 medio
1260 2385 1381 2427 fitam
1406 2387 1482 2428 in-

98 2451 242 2492 sulam
261 2449 469 2492 ambibat.
500 2449 642 2493 insula
664 2465 783 2502 vero,
805 2448 852 2490 in
874 2465 962 2505 qua
988 2449 1108 2504 regia
1128 2459 1246 2500 erat,
1276 2454 1477 2511 quinque

98 2518 342 2561 stadiorum
360 2518 523 2562 lineam
554 2519 743 2563 mediam
772 2518 976 2562 habebat.
1014 2519 1130 2562 hanc
1157 2519 1294 2578 igitur
1324 2530 1369 2564 et
1400 2538 1479 2565 or-
