1657 2876
660 182 963 228 CRITIAS.
1405 188 1488 231 511

105 302 211 343 sunt
237 299 384 354 dictu,
416 298 582 354 quippe
610 311 722 354 opus
749 312 886 340 manu
912 297 1081 341 factum
1110 307 1288 356 praeter
1318 308 1489 345 ceteras

107 370 346 411 structuras
361 375 407 409 et
418 363 649 408 molimina
660 372 834 407 tantum
847 366 1045 408 exstitisse
1056 368 1243 419 ,sdicend
1252 383 1326 410 um
1337 377 1493 414 tamen

107 436 226 493 quod
256 435 534 485 audivimus3
571 433 778 488 iugerum
810 433 928 476 enim
961 435 1050 477 alta
1082 434 1228 478 effoffa
1255 444 1373 486 erat,
1402 440 1490 480 sta-

109 505 234 548 dium
266 505 314 547 in
351 502 612 545 universum
644 502 760 552 lata,
815 502 930 544 circa
957 510 1106 546 totum
1146 519 1252 546 vero
1280 521 1491 564 campum

105 587 251 629 quum
273 574 537 624 duceretur,
559 570 732 612 factum
756 572 813 612 est
838 579 888 613 ut
906 568 1061 614 decem
1086 572 1225 615 millia
1250 574 1491 619 stadiorum

106 643 240 698 longa
277 640 502 683 evaderet.
550 640 777 683 montibus
809 649 955 683 autem
997 640 1234 684 defluentia
1270 643 1490 700 recipiens

106 709 294 752 flumina
319 716 364 750 et
390 708 507 750 circa
526 723 734 765 campum
756 709 803 750 in
830 709 984 751 orbem
1003 708 1205 760 deducta,
1226 709 1332 753 hinc
1346 712 1494 755 illinc-

107 792 193 833 que
234 777 289 819 ad
331 776 490 818 urbem
522 777 759 825 accedens,
801 778 886 819 hac
928 786 1053 835 parte
1082 778 1112 808 ἢ*
1140 778 1169 807 ‘³³
1203 781 1231 809 ἐκ
1260 783 1299 832 *)
1354 797 1492 825 cana-

105 846 166 888 les
205 845 360 888 directi
404 846 504 902 plus
543 860 681 900 quam
722 854 902 887 centum
944 845 1079 901 pedes
1118 847 1198 890 lati
1242 863 1323 904 por
1364 866 1494 894 cam-

105 900 214 971 bum
235 913 352 956 ducti
374 914 526 955 rursus
545 914 591 954 in
618 914 770 955 {offam
795 915 848 955 ad
879 929 1003 955 mare
1029 916 1181 958 versus
1197 918 1496 975 porrigeban-

111 993 196 1035 tur,
216 984 329 1025 alter
346 998 449 1023 vero
470 983 524 1023 ab
543 983 683 1024 altero
705 982 841 1024 stadia
868 991 1049 1025 centum
1071 984 1248 1037 aberat3
1279 1001 1362 1042 per
1384 1002 1494 1043 quos

109 1051 379 1094 emoutibus
406 1051 572 1107 lignum
593 1050 874 1093 deducebant
892 1052 938 1093 in
955 1053 1115 1094 urbem
1145 1061 1189 1094 et
1213 1055 1384 1110 reliqua
1415 1058 1494 1100 suo

108 1136 313 1177 quaeque
335 1129 541 1176 tempore
578 1120 922 1162 maturescentia
956 1122 1148 1177 navigiis
1183 1123 1494 1181 deportabant,

108 1205 249 1246 quum
264 1189 476 1231 traiectus
490 1203 512 1229 e
534 1188 763 1231 canalibus
786 1188 986 1245 obliquos
1007 1198 1049 1232 et
1068 1191 1184 1232 inter
1204 1193 1247 1233 se
1267 1199 1311 1234 et
1332 1193 1496 1238 urbem

106 1261 260 1300 versus
281 1257 491 1299 feciffent.
524 1266 568 1299 et
588 1257 653 1299 bis
677 1257 858 1313 quidem
889 1266 1037 1300 torrae
1054 1258 1205 1316 fruges
1222 1260 1497 1317 colligebant,

107 1327 257 1369 hieme
285 1341 401 1382 aqua
434 1327 604 1368 caelesti
634 1334 831 1378 utentes,
864 1335 908 1369 ct
939 1329 1097 1369 aestate
1127 1344 1176 1368 ea
1207 1344 1340 1382 quain
1373 1339 1496 1374 terra

108 1394 304 1453 profert,
336 1393 453 1436 rivos
480 1409 504 1434 e
533 1394 762 1434 canalibus
797 1395 1078 1437 inducentes.
1136 1397 1380 1441 Multitudo
1412 1416 1499 1443 au—

110 1473 201 1505 tem
221 1462 427 1504 virorum
450 1460 527 1517 qui
548 1460 595 1503 in
615 1477 709 1503 cam
719 1477 773 1516 po
801 1461 1061 1503 habitabant
1080 1464 1134 1504 ad
1159 1464 1327 1509 bellum
1350 1469 1497 1526 utiles,

109 1533 171 1575 ita
200 1530 406 1573 ordinata
426 1538 543 1580 erat,
576 1537 626 1570 ut
645 1544 851 1585 quaeque
880 1530 1027 1587 portio
1055 1529 1295 1589 praeberet
1320 1535 1494 1587 ducem,

110 1599 336 1657 portionis
360 1612 471 1639 vero
494 1598 754 1653 magnitudo
778 1599 956 1641 circiter
986 1598 1129 1640 decies
1163 1600 1315 1642 decem
1338 1604 1499 1648 stadio..

111 1684 229 1720 rum,
248 1673 291 1709 et
311 1665 628 1708 universarum
654 1666 914 1724 portionum
934 1667 1158 1723 sexaginta
1181 1668 1323 1712 millia
1347 1683 1497 1725 erant3

111 1736 275 1780 montis
305 1751 416 1777 vero
448 1735 736 1792 reliquaeque
775 1736 971 1792 regionis
1009 1736 1263 1779 incolarum
1295 1738 1499 1785 infinitus

114 1807 346 1849 dicebatur
366 1819 609 1853 numeruS‚
641 1812 684 1845 et
705 1804 944 1847 secundum
974 1806 1092 1847 locos
1115 1807 1330 1861 vicosque
1348 1809 1394 1851 in
1417 1810 1499 1855 has

113 1874 347 1934 portiones
376 1889 459 1930 pro
479 1874 666 1915 ducibus
691 1873 843 1915 cuncti
866 1874 1092 1916 distributi
1114 1884 1255 1917 erant.
1286 1878 1499 1924 statutum

115 1952 264 1986 autem
286 1950 383 1984 erat
405 1950 456 1982 ut
477 1942 570 1982 dux
585 1941 638 1982 ad
653 1942 819 1984 helhum
842 1945 1260 2000 praeflaretsextam
1277 1960 1500 1993 curruum

114 2011 381 2054 bellicorum
423 2019 597 2066 partem
620 2042 632 2061 ‚
681 2010 857 2053 circiter
896 2012 1047 2054 decem
1086 2012 1225 2053 millia
1267 2029 1503 2074 curruum,

115 2096 251 2136 equos
286 2079 375 2120 duo
402 2086 444 2119 et
475 2079 666 2133 equites,
707 2087 939 2134 praeterea
982 2080 1100 2136 bigas
1141 2089 1318 2137 praeter
1349 2085 1500 2130 sedem

115 2149 375 2190 bellatorem
398 2146 609 2188 habentes
643 2146 981 2190 descendentem
1002 2165 1143 2205 parvo
1168 2150 1326 2207 clypeo
1346 2169 1502 2198 arma..

117 2226 214 2260 tum
239 2224 281 2258 et
301 2231 400 2257 cum
422 2223 755 2273 propugnatore
771 2216 1005 2258 amborum
1023 2232 1243 2272 equorum
1264 2229 1497 2275 rectorem,

115 2286 266 2344 gravis
298 2294 553 2328 armaturae
578 2285 738 2326 milites
757 2284 867 2325 duos
894 2291 939 2326 et
958 2286 1202 2341 sagittarios
1223 2286 1501 2335 funditores-

117 2370 199 2411 que
229 2354 383 2396 itidem
414 2354 546 2404 duos,
586 2353 788 2408 levisque
826 2361 1082 2397 armaturae
1124 2353 1290 2397 milites
1329 2359 1499 2416 lapides

115 2424 320 2467 iacientes
355 2429 395 2462 et
423 2422 688 2465 iaculatores
720 2431 809 2465 tres
832 2430 1073 2479 utrosque,
1104 2431 1147 2465 et
1177 2434 1336 2468 nautas
1367 2437 1501 2483 quat-

119 2501 222 2535 tuor
254 2490 309 2534 ad
339 2491 552 2535 ducentas
580 2491 703 2534 mille
729 2507 864 2535 naves
892 2494 1192 2550 complendas.
1233 2509 1283 2537 ac
1304 2511 1374 2538 res
1396 2496 1499 2552 qui-

164 2665 205 2708 ¹³)
236 2664 346 2695 ficia.
379 2661 450 2696 hac
478 2661 631 2696 tandem
665 2664 882 2709 erumpebat
910 2664 947 2699 iu
974 2677 1087 2700 mare.
1134 2665 1288 2711 desuper
1307 2671 1431 2702 autem
1454 2667 1501 2704 ab

212 2710 289 2756 ipsa
307 2715 376 2742 cet.
