1657 2876
576 117 867 164 POLITIA
897 121 982 166 1x.
1413 134 1470 180 29

85 238 225 286 animi
252 234 365 298 pars'
384 235 477 292 qua‘
493 233 817 292 cognoscimus,
857 241 902 275 et
937 235 982 276 in
1010 249 1099 290 quo
1126 238 1180 280 de
1210 237 1339 283 nobis
1358 237 1470 281 haee

85 310 367 355 dominatur,
401 303 492 344 eius
526 304 616 344 vita
651 304 737 345 erit
765 302 1088 345 iucundiifima.
1150 307 1354 364 Quidni?
1390 307 1469 349 in-

84 379 207 435 quit3
229 383 349 417 ratus
373 382 490 415 certe
511 372 721 414 laudator
742 373 865 413 sumn
881 372 1075 414 celebrat
1097 374 1232 416 vitam
1255 376 1466 431 prudens,

83 446 341 503 Quamnam
393 456 499 482 vero
528 440 792 492 secundam,
834 440 1044 495 inquam,
1085 442 1224 482 vitam
1260 452 1304 484 et
1333 458 1469 500 quam

80 513 319 557 secundam
332 510 610 565 voluptatem
623 508 728 553 (licit
747 508 887 549 iudex
913 508 1028 550 effe?
1061 524 1118 550 an
1140 518 1261 566 patet
1280 512 1471 554 bellicosi

80 579 353 634 honorisque
371 578 521 635 cupidi
543 578 675 619 vitam
692 577 899 634 (propius
917 577 1032 618 en-im
1054 576 1109 619 ab
1131 593 1181 620 ea
1201 578 1316 619 abest
1335 595 1470 634 quam

80 649 280 706 quaestus
302 646 494 688 faciendi
528 646 698 688 studiofi
721 647 844 693 vna),
880 645 1084 687 ultimam
1115 661 1224 688 vero
1251 648 1366 690 lucri
1388 663 1470 690 cu-

78 717 174 776 pidi
195 716 330 759 vitam
347 746 358 766 ‚
390 723 440 756 ut
462 714 678 756 videtur?
718 714 924 772 Quidni?
954 714 1116 770 inquit.

193 785 312 828 Haec
332 783 467 839 igitur
489 782 576 823 duo
602 781 810 838 deinceps
840 783 884 822 se
906 782 1132 839 excipient
1163 792 1207 826 et
1234 784 1301 827 bis
1321 785 1472 827 vincet

77 855 212 899 iustus
249 852 482 905 iniustum,
535 850 718 893 tertium
758 863 867 891 vero
908 866 958 892 ao
997 853 1268 907 postremum
1306 861 1471 911 reputa

77 924 190 976 hoc,
237 919 355 976 quod
390 933 473 961 nec
507 919 691 960 omnino
724 933 830 959 vera
870 920 928 961 est
966 927 1221 963 ceterorum
1259 923 1470 981 voluptas

79 991 244 1035 collata
267 1002 370 1030 cum
397 986 604 1044 sapientis
633 985 878 1044 voluptate,
919 1002 1068 1041 neque
1088 1004 1226 1046 pura,
1265 993 1337 1033 sed
1367 994 1472 1049 spe-

79 1060 190 1103 ciem
209 1063 385 1099 tantum
410 1054 507 1096 veri
528 1069 710 1110 gerens,
753 1062 804 1096 ut
824 1069 904 1111 ego
931 1056 1045 1098 mihi
1070 1058 1225 1100 videor
1245 1074 1300 1100 ex
1317 1061 1469 1117 aliquo

78 1128 135 1170 de
158 1123 430 1182 sapientibus
453 1124 688 1173 audivisse3
721 1137 997 1178 quamquam
1020 1125 1092 1167 hic
1114 1130 1218 1169 esset
1243 1129 1471 1172 maximus

78 1193 442 1253 gravissimusque
466 1193 662 1232 casuum.
706 1190 823 1233 Sane
841 1191 1050 1246 quidem3
1081 1203 1126 1235 at
1149 1198 1376 1249 quomodo
1397 1199 1472 1240 di..

78 1263 169 1307 cis?
198 1263 294 1314 Ita,
323 1259 535 1315 inquam,
565 1258 816 1312 inveniam,
849 1268 921 1305 ut,
953 1260 1061 1302 dum
1086 1269 1136 1302 tu
1161 1266 1470 1321 respondebis,

77 1346 309 1391 quaeram.
360 1329 592 1383 Interroga
611 1327 748 1379 dum,
779 1327 936 1383 inquit.
988 1328 1073 1371 Dic
1100 1330 1226 1385 sane,
1256 1333 1468 1388 inquam:

77 1415 229 1446 nonne
269 1395 545 1440 contrarium
599 1395 785 1438 dicimus
825 1400 908 1440 effe
955 1396 1154 1442 dolorem
1194 1403 1471 1460 voluptatis?

75 1472 213 1514 ‘Vero-
269 1467 426 1510 Nonne
449 1464 584 1505 etiam
604 1466 757 1506 statum
785 1465 1009 1521 quendam
1034 1469 1116 1508 effe
1141 1469 1188 1509 in
1210 1484 1299 1525 quo
1320 1485 1471 1529 neque

77 1539 348 1596 gaudeamus
360 1548 506 1589 neque
527 1533 787 1576 doleamus?
811 1535 908 1576 Effe
925 1551 1048 1580 vere.
1080 1537 1304 1594 Eumque,
1325 1554 1470 1595 quum

79 1611 201 1650 inter
241 1603 350 1644 haec
387 1601 520 1643 ambo
558 1602 815 1643 interiectus
855 1604 922 1655 fit,
971 1606 1343 1660 tranquiilitatem
1385 1613 1470 1652 effe

78 1672 218 1718 animi
244 1680 288 1713 et
308 1669 589 1712 vacationem
608 1668 662 1710 ab
693 1668 809 1711 illis?
849 1686 1001 1712 annon
1026 1673 1088 1714 ita
1112 1687 1215 1716 eum
1238 1677 1470 1732 appellas?

78 1744 168 1793 Ita,
198 1738 354 1794 inquit.
412 1738 572 1779 Nonne
600 1752 708 1779 vero
735 1739 1010 1789 recordaris,
1039 1739 1248 1795 inquam,
1280 1758 1332 1785 ea
1353 1760 1469 1801 quae

78 1814 351 1866 aegrotantes
372 1804 516 1846 dicere
541 1805 684 1846 solent
712 1820 851 1860 quum
881 1809 1147 1863 aegrotant?
1191 1809 1468 1866 Quaenam?

77 1877 201 1924 Nihil
230 1879 311 1919 effe
338 1872 516 1915 suavius
547 1873 760 1923 sanitate,
793 1882 864 1923 at,
895 1883 1132 1931 antequam
1167 1885 1470 1933 aegrotarent,

78 1947 234 2004 fugisse
254 1944 370 2002 ipsos
390 1942 475 1984 hoc
494 1943 577 1983 effe
597 1941 976 1987 iucundissimum.
1035 1944 1277 1996 Recordor,
1307 1947 1466 2004 inquit.

77 2017 239 2061 Nonne
267 2027 341 2054 eos
373 2010 451 2066 qui
479 2009 605 2065 gravi
642 2011 837 2064 quodam
871 2011 1024 2053 dolore
1058 2012 1313 2057 cruciantur
1342 2017 1467 2059 audis

80 2084 275 2126 dicentes
298 2079 411 2121 nihil
431 2077 669 2120 iucundius
692 2082 774 2121 effe
795 2094 930 2135 quam
954 2080 1111 2123 dolore
1129 2082 1340 2126 liberari?
1371 2085 1470 2128 Au·-

81 2151 165 2194 dio.
224 2149 283 2192 Et
308 2148 357 2190 in
390 2147 485 2189 aliis
514 2161 715 2203 quoque,
755 2147 801 2189 ni
833 2148 993 2201 fallor,
1033 2150 1187 2192 multis
1206 2151 1468 2196 huiusmodi

81 2219 242 2262 casibus
283 2216 594 2259 animadvertis
624 2215 854 2268 homines,
887 2231 1028 2272 quum
1049 2219 1202 2261 dolore
1223 2230 1469 2277 angantur,'

80 2285 358 2330 vacationem
383 2298 408 2325 a
431 2283 583 2326 dolore
607 2282 831 2340 huiusque
853 2285 1049 2339 quietem
1078 2288 1303 2330 celebrare
1323 2299 1372 2332 ut
1391 2292 1467 2334 iu·-

80 2354 412 2404 cundisfimam,
444 2368 533 2394 non
553 2352 783 2409 gaudium.
845 2354 984 2411 Quies
1008 2354 1144 2406 enim,
1179 2357 1337 2413 inquii,
1367 2368 1465 2403 tum

78 2423 282 2483 profecto
312 2421 504 2463 iucunda
536 2429 578 2462 ct
610 2430 816 2479 exoptata
845 2422 1014 2465 accidit.
1076 2425 1136 2466 Et
1171 2427 1350 2481 quando
1379 2431 1466 2471 ali-

80 2493 198 2549 quis,
229 2492 435 2545 inquam,
467 2489 660 2545 gaudere
686 2490 860 2543 definit,
890 2492 1129 2549 voluptatis
1159 2498 1283 2550 quies
1306 2499 1464 2541 ace1.ba

80 2560 178 2604 erit.
226 2558 332 2602 Sine
355 2557 515 2609 dnbio,
547 2558 706 2614 inquit.
757 2558 892 2615 Quod
915 2560 1054 2616 igitur
1078 2560 1196 2605 inter
1217 2572 1466 2623 uirumque

81 2627 216 2671 modo
247 2627 441 2670 diximus
469 2626 750 2670 interiectum
778 2630 885 2682 effe,
924 2630 1075 2685 quim,
1113 2631 1163 2673 id
1195 2634 1464 2690 quandoque
