1657 2876
597 129 893 176 PoL1T1A
929 132 988 178 x.
1421 143 1474 186 3,

95 247 397 291 immortalem
425 246 507 287 esse
536 243 737 286 animum
768 247 963 288 nostrum
983 263 1064 292 nec
1092 251 1310 308 umquem
1331 255 1475 300 inter-

95 317 188 360 ire?
221 318 337 358 Tum
356 314 430 356 ille
447 313 492 353 in
511 326 584 353 me
605 311 780 355 intuens
804 321 846 355 et
874 315 1100 359 admirans
1121 321 1476 380 Haudquaquam

93 385 266 436 hercle,
299 380 466 438 inquit,
499 380 730 434 equidemg,
763 387 810 421 tu
836 390 985 424 autem
1018 384 1102 426 hoc
1130 387 1262 430 habes
1296 394 1476 435 'hcm-e?

92 453 178 497 Nifi
201 451 352 494 iniuste
370 447 500 500 facio,
523 448 736 502 inquam3
767 448 962 493 arbitror
983 465 1088 494 vero
1113 455 1243 498 eiiam
1269 468 1334 512 te‚·
1361 462 1476 504 m'hil

94 521 213 562 enim
235 516 423 560 difficile.
483 515 598 556 Mihi
617 518 742 567 sane,
773 515 940 572 inquit;
973 535 1027 561 ex
1048 530 1091 564 te
1110 531 1258 566 autem
1282 528 1476 573 libenter

90 586 307 630 audierim
348 584 433 625 hoc
478 599 568 625 nou
603 583 788 626 difficile.
871 586 1035 629 Audies
1055 621 1068 643 ,
1120 590 1319 647 inquam.
1392 600 1476 643 Dic

89 654 246 704 modo,
284 652 443 708 inquit.
1026 714 1029 718 .

200 723 374 764 Bonum
400 718 583 774 aliquid,
603 720 802 775 inquam,
831 730 875 764 et
896 725 1066 767 malum
1092 731 1320 785 appellas?
1341 733 1473 788 Equi,

88 791 204 833 dem.
267 790 386 832 Num
408 788 543 844 igitur
566 789 625 829 ita
656 798 702 829 ut
724 804 800 844 ego
832 792 887 832 de
915 793 974 833 eis
997 796 1161 837 sentis?
1195 800 1472 856 Quomodo?

86 860 285 903 Perdens
306 866 348 899 et
370 872 660 913 corrumpens
682 873 815 898 omne
837 863 1005 903 malum
1031 867 1137 916 esse,
1164 868 1339 910 servans
1366 886 1471 913 vero

88 935 132 970 et
163 928 317 968 iuvans
351 927 530 967 bonum.
591 926 683 980 Ego
719 941 852 977 veru,
893 929 1047 984 inquit.
1112 933 1269 990 Quid?
1300 940 1472 982 malum

87 997 250 1051 cuique
271 995 374 1049 quid
399 1002 442 1035 et
467 994 631 1035 bonum
663 993 802 1035 dieis?
834 996 952 1037 velut
985 998 1122 1040 oculis
1153 1003 1472 1058 lippitudinem

85 1073 132 1106 et
154 1064 357 1104 universo
378 1063 553 1119 corpori
575 1061 802 1113 morbum,
837 1061 1066 1108 frumento
1087 1069 1335 1125 robiginem
1350 1104 1360 1120 ‚
1383 1090 1473 1131 pu..

84 1133 305 1174 tredinem
325 1131 478 1186 lignis,
511 1132 604 1171 aeri
628 1138 670 1171 et
690 1132 809 1170 ferro
835 1133 1092 1186 aeruginem
1110 1168 1122 1188 ,
1154 1145 1197 1178 et
1222 1143 1338 1192 quod
1368 1144 1469 1185 (1100

83 1199 181 1243 fere
205 1199 416 1241 omnibus
437 1198 642 1238 innatum
669 1197 833 1252 cuique
855 1199 1025 1241 malum
1048 1209 1090 1241 et
1114 1206 1332 1249 morbum.
1374 1211 1469 1266 Ego

82 1283 218 1317 vero,
252 1265 408 1321 inquit.
464 1266 623 1308 Nonne
645 1266 826 1319 quando
857 1267 986 1308 alicui
1016 1270 1181 1312 horum
1212 1275 1314 1329 quid
1338 1293 1471 1320 acce-

83 1336 164 1384 dit,
187 1348 375 1390 pravum
395 1334 438 1376 id
463 1333 595 1375 efficit
616 1334 688 1376 cui
707 1334 872 1376 accedit
893 1342 936 1376 et
959 1335 1014 1377 ad
1038 1345 1291 1383 extremuni
1320 1352 1468 1391 totum

83 1404 283 1446 dissolvit
317 1410 358 1443 et
381 1401 557 1458 perdit?
591 1402 796 1459 Quidni?
827 1404 1010 1445 insitum
1038 1420 1142 1460 ergo
1173 1423 1336 1465 cuique
1368 1429 1470 1458 ma..

80 1475 177 1516 lum
199 1480 242 1513 et
263 1471 457 1527 pravitas
478 1470 669 1525 quidque
688 1470 853 1527 perdit,
877 1479 952 1512 aut
975 1471 1048 1513 nifi
1070 1473 1156 1515 hoc
1177 1480 1354 1533 perdet,
1374 1481 1467 1527 iam

80 1557 174 1583 non
203 1540 323 1582 aliud
353 1540 396 1579 id
432 1547 712 1595 corrumpet3
752 1554 897 1594 neque
928 1542 1045 1582 enim
1065 1542 1111 1584 id
1144 1546 1262 1599 quod
1296 1547 1466 1594 bonum

82 1612 139 1652 est
160 1624 371 1664 umquam
400 1607 566 1661 aliquid
591 1608 772 1662 perdet,
805 1622 884 1648 nec
906 1607 948 1648 id
972 1610 1087 1662 quod
1120 1625 1264 1666 neque
1293 1618 1466 1661 malum

80 1694 228 1734 neque
259 1678 437 1731 bonum*
460 1677 531 1715 est.
595 1674 688 1732 Qui
721 1675 837 1715 enim
867 1677 1031 1730 potest?
1061 1676 1220 1732 inquit.
1284 1681 1328 1723 Si
1357 1685 1463 1740 quid

76 1748 215 1803 igitur
247 1746 294 1786 in
324 1758 478 1786 rerum
511 1752 672 1784 natura
704 1745 840 1784 exstat
877 1745 948 1784 cui
981 1746 1149 1788 malum
1192 1748 1370 1803 aliquod
1406 1755 1467 1798 est

78 1815 196 1872 quod
233 1812 501 1869 pravitatem
539 1810 578 1850 ei
606 1811 773 1861 inficit,
807 1825 950 1865 neque
980 1820 1129 1854 tamen
1153 1820 1289 1872 potest
1315 1821 1462 1877 ipsum

76 1884 251 1925 solvere
274 1889 407 1935 atque
430 1878 644 1935 perdere,
675 1894 822 1920 nonne
841 1879 928 1920 iam
954 1881 1142 1924 sciemus
1170 1886 1261 1928 eius
1287 1890 1350 1930 rei
1376 1906 1462 1933 na-

76 1960 177 1994 tura
205 1951 266 1992 ita
294 1954 578 2004 comparatae
618 1963 708 1988 non
744 1948 826 1988 ess'e
856 1949 1123 1991 interitum?
1171 1954 1258 2005 lta,
1296 1957 1460 2014 inquit,

76 2021 420 2062 consentaneum
445 2018 513 2059 est.
553 2016 675 2072 Quid
702 2016 834 2071 igitur
847 2017 867 2057 ’Β
890 2015 1098 2071 i11quam3
1117 2023 1324 2065 animone
1347 2028 1460 2071 nihil

75 2089 132 2128 est
154 2086 271 2141 quod
297 2101 486 2142 pravum
512 2100 612 2125 eum
638 2084 826 2126 efficiat?
858 2088 1109 2130 Admodum
1125 2122 1136 2141 ‚
1157 2092 1320 2147 inquit,
1343 2111 1457 2150 quae

74 2156 205 2199 modo
225 2155 679 2196 commemoravimus
700 2154 863 2205 omnia,
879 2155 1088 2198 iniustitia
1109 2167 1150 2199 et
1170 2160 1456 2206 incontinen-

75 2223 138 2265 tia
162 2231 205 2263 et
225 2223 398 2276 ignavia
429 2231 471 2262 et
491 2222 672 2263 inscitia.
731 2223 850 2264 Num
870 2223 1006 2278 igitur
1035 2225 1197 2267 horum
1221 2231 1323 2283 quid
1349 2248 1453 2276 eum

75 2291 275 2333 dissolvit
300 2306 350 2332 ac
385 2290 563 2347 perdit?
597 2299 642 2332 at
660 2300 816 2347 reputa
847 2307 902 2332 ne
926 2294 1200 2349 decipiamur
1224 2297 1475 2342 arbitram--

73 2367 136 2401 tes
161 2359 364 2401 iniustum
388 2359 615 2400 hominem
635 2367 767 2414 atque
789 2359 1064 2412 insipientem
1083 2393 1093 2407 ,
1128 2378 1267 2418 quum
1289 2367 1453 2423 depre-

73 2427 294 2469 hendatur
316 2427 359 2468 in
384 2427 602 2477 facinore,
636 2434 729 2467 tum
764 2428 909 2480 perire
939 2430 993 2470 ab
1024 2430 1250 2485 iniustitia,
1282 2437 1451 2494 quippe

73 2496 209 2537 animi
235 2496 476 2551 pravitate,
507 2495 577 2534 sed
602 2497 661 2536 ita
693 2496 859 2551 specta:
891 2500 1265 2554 quemadmodum
1286 2517 1448 2561 corpus

71 2565 268 2620 pravitas
290 2563 487 2620 corporis
514 2562 589 2618 qui
610 2564 794 2604 morbus
827 2567 883 2605 est
902 2567 1125 2622 liquefacit
1153 2577 1197 2611 et
1225 2571 1369 2625 perdit
1402 2580 1446 2613 et

72 2647 124 2673 (so
151 2632 327 2672 adducit
350 2639 398 2672 ut
428 2646 483 2672 ne
507 2646 667 2689 corpus
702 2633 881 2688 quidem
907 2635 981 2687 fit,
1019 2645 1063 2679 et
1084 2653 1197 2694 quae
1215 2639 1344 2695 supra
1369 2638 1443 2681 di-

129 2702 241 2742 Tom.
279 2700 329 2740 V.
1135 2705 1168 2746 F
