1657 2876
669 120 963 166 POLITIA
1000 123 1082 166 IX.
1485 124 1537 167 15

154 238 355 283 verimus
378 244 509 290 atque
535 234 884 292 inspexerimus,
914 243 1009 278 tum
1033 238 1290 282 senteniiam
1325 239 1533 285 dicamus.

153 308 300 356 Recte,
334 304 503 358 inquit,
536 305 776 356 admone33
809 313 852 346 et
873 305 1153 362 perspicuum
1178 310 1337 364 cuique
1361 309 1535 350 civitate

154 372 336 432 tyranni
369 371 558 429 imperio
590 371 787 414 subiecta
825 373 993 415 nullam
1027 375 1110 415 esse
1143 376 1442 421 misen-iorem,
1483 391 1534 418 ea

151 457 258 484 vero
283 455 398 496 quae
419 456 444 481 a
468 454 571 496 rege
592 440 875 496 gubernetur
895 441 1064 482 nullam
1099 441 1351 484 beatiorem.
1412 444 1532 486 Num

150 526 277 562 vero,
306 510 506 565 inquam,
538 510 672 551 etiam
693 509 748 550 de
771 509 876 551 viris
898 509 1013 551 idem
1041 509 1071 549 sl
1106 511 1383 553 admonuero
1417 521 1535 554 mete

151 579 452 628 admonuero,
483 578 754 620 contendens
785 577 916 619 huius
950 581 1031 620 offe
1055 578 1109 619 de
1128 579 1210 620 illis
1238 579 1432 621 iudicare
1459 579 1536 635 qui

150 645 416 702 cogitatione
441 647 568 703 poffit
588 647 635 688 in
659 646 746 688 viri
765 644 994 699 ingenium
1015 645 1186 687 intrans
1210 647 1421 702 dispicere
1443 663 1536 700 nec,

149 716 278 759 ficuti
301 730 438 772 puer,
475 714 750 756 extrinsecus
778 715 979 770 spectans
999 714 1290 770 perturbetur
1313 723 1537 770 tyranno-

149 800 252 828 rum
276 789 496 841 apparatu
518 774 616 838 ’quo
645 783 735 823 sese
769 796 872 838 erga
902 790 1078 824 exteros
1110 793 1299 829 ornant,
1335 784 1404 824 sed
1433 786 1537 825 satis

148 852 422 911 perspiciat?
463 850 552 893 iam
584 851 615 891 fi
647 852 851 893 censeam
884 850 1007 893 illum
1040 859 1251 907 oportere
1273 868 1352 893 nos
1381 867 1537 893 omnes

150 921 330 973 audire,
359 919 435 976 qui
456 919 583 976 possit
603 919 825 970 iudicare,
854 921 1022 977 quippe
1044 920 1118 975 qui
1139 936 1191 962 cu
1201 936 1242 961 m
1263 921 1339 965 illo
1361 921 1539 962 habita-

151 989 275 1031 verit
298 995 342 1030 et
366 996 457 1030 tam
480 988 727 1031 actionibus
750 987 1010 1030 interfuerit
1032 989 1303 1040 domesticis,
1337 1004 1536 1043 quomo-

152 1058 209 1100 do
232 1057 444 1099 adversus
470 1055 711 1098 familiares
735 1071 780 1097 se
802 1063 948 1111 gerat,
981 1057 1026 1097 in
1053 1057 1212 1114 quibus
1235 1057 1414 1113 quidem
1440 1074 1540 1100 ma-

149 1126 276 1169 xime
302 1139 327 1165 a
358 1124 524 1178 tragica
559 1136 726 1180 pompa
758 1125 904 1165 nuilus
929 1125 1214 1181 conspicitur,
1255 1141 1387 1181 quam
1413 1127 1540 1184 peri-

152 1193 261 1236 culis
290 1191 503 1248 publicis,
537 1198 579 1232 et
608 1192 718 1234 haec
736 1191 888 1233 omnia
912 1206 1053 1247 quum
1083 1193 1246 1235 viderit
1265 1195 1441 1236 iubeam
1470 1210 1540 1235 re-

148 1260 393 1312 nunciare,
424 1261 650 1316 quomodo
670 1261 712 1301 se
744 1259 905 1302 habeat
932 1260 1118 1318 tyranni
1142 1260 1325 1303 felicitas
1346 1271 1385 1303 et
1413 1264 1538 1304 mise-

149 1331 216 1376 ria
239 1345 342 1372 cum
366 1329 644 1384 reliquorum
672 1328 922 1370 conditione
946 1329 1138 1371 collata?
1166 1331 1434 1378 Rectissime,
1467 1332 1540 1371 in-

150 1400 272 1456 quit,
304 1398 441 1440 etiam
473 1397 584 1438 haec
611 1396 914 1439 admonueris.
977 1394 1113 1440 Visne'
1140 1398 1302 1455 igitur,
1334 1400 1539 1454 inquam,

149 1468 372 1524 fingamus
397 1481 478 1507 nos
502 1469 584 1508 effe
601 1465 647 1507 in
672 1481 829 1507 eorum
849 1480 1041 1508 numero
1067 1468 1141 1522 qui
1165 1469 1321 1525 possint
1342 1469 1540 1509 iudicare

148 1543 197 1578 et.
213 1534 450 1578 inciderint
470 1534 559 1575 iam
589 1535 635 1576 in
657 1535 790 1586 tales,
822 1543 870 1576 ut
899 1535 1140 1578 habeamus
1164 1538 1241 1592 qui
1273 1538 1541 1593 respondeat

151 1603 208 1653 ad
228 1618 280 1645 ea
301 1617 416 1657 quae
438 1602 761 1657 interrogamus
784 1605 799 1644 Ξ
829 1594 956 1646 Saue¹
971 1604 1166 1657 quidem.

265 1670 486 1726 Agedum,
502 1667 696 1723 inquam,
716 1671 776 1713 ita
794 1670 905 1712 mihi
925 1673 1175 1715 considera:
1208 1673 1542 1717 similitudinem

149 1739 406 1784 recordatus
429 1737 619 1778 civitatis
641 1746 684 1779 et
712 1739 798 1779 viri
822 1739 1054 1795 utriusque
1083 1756 1160 1797 per
1181 1742 1221 1781 se
1245 1744 1422 1799 spectati
1438 1759 1542 1784 con-

149 1809 366 1851 ditionem
389 1819 604 1846 memora.
665 1805 894 1861 Qualem?
925 1809 1077 1863 iuquit.
1142 1810 1201 1850 Ut¹
1232 1811 1445 1866 primum.
1476 1813 1542 1851 in-

151 1891 304 1933 quam,
337 1874 390 1916 de
416 1873 526 1915 urbe
547 1874 799 1929 loquamur,
830 1874 1015 1916 liberam
1039 1892 1095 1917 an
1118 1879 1293 1919 servam
1314 1879 1427 1920 dices
1441 1894 1542 1920 eam

153 1960 268 2001 quae
289 1952 486 2000 tyranno
510 1941 671 1997 paret?
713 1942 864 1999 Quam
886 1944 1102 1996 maxime,
1138 1945 1277 2001 iuquit
1296 1980 1306 1997 ,
1340 1946 1436 1988 fieri
1454 1963 1543 2004 po-

150 2015 244 2065 test,
263 2013 452 2053 servam.
496 2009 634 2065 Atqui
656 2011 781 2052 vides
810 2011 856 2052 in
879 2026 929 2052 ea
953 2012 1156 2054 dominos
1177 2022 1220 2054 et
1243 2015 1421 2055 liberos.
1456 2015 1544 2057 Vi-

151 2082 251 2133 deo,
282 2080 441 2136 inquit,
475 2079 689 2135 exiguum
713 2079 893 2135 quidem
911 2095 1168 2127 numerum,
1201 2084 1542 2125 universitatem

150 2165 275 2200 vero,
299 2156 349 2190 ut
370 2149 430 2189 ita
451 2147 612 2195 dicam,
637 2148 685 2189 iu
708 2163 758 2189 ea
774 2156 816 2188 et
847 2148 1246 2191 mode-ratissimum
1270 2151 1434 2192 civium
1461 2166 1543 2206 ge-

151 2233 235 2260 nus
256 2215 546 2273 ignominiosa
570 2225 614 2258 et
632 2217 789 2258 misera
814 2217 1027 2258 servitute
1049 2222 1263 2274 oppressa.
1294 2220 1385 2260 [am
1398 2220 1442 2265 fi,
1464 2220 1543 2260 in-

153 2300 287 2342 quam
305 2318 316 2338 ,
344 2284 491 2326 fimilis
521 2285 594 2326 vir
622 2286 679 2326 est
699 2285 917 2336 civitatis,
949 2299 1099 2326 nonne
1134 2286 1267 2328 etiam
1291 2286 1334 2328 in
1357 2286 1435 2327 illo
1456 2302 1542 2328 ne-

154 2357 263 2396 cesse
303 2355 361 2396 est
402 2353 594 2395 eundem
638 2353 772 2395 inefl'e
810 2353 1039 2405 ordinem,
1090 2362 1133 2395 et
1174 2356 1314 2397 multa
1355 2355 1541 2412 quidem

153 2421 364 2464 servitute
409 2429 540 2477 atque
582 2421 878 2464 illiberalitate
929 2423 1114 2478 plenum
1164 2426 1244 2465 esse
1299 2424 1393 2465 eius
1444 2423 1542 2464 ani-

151 2506 275 2531 mum
292 2524 302 2540 ‚
366 2498 409 2532 et
453 2505 522 2532 eas
570 2491 700 2547 ipsius
740 2498 888 2547 partes
926 2491 1094 2532 servire
1139 2506 1251 2547 quae
1297 2495 1398 2534 sunt
1439 2508 1542 2533 mo-

154 2558 476 2606 deratisfimae‚
512 2560 716 2615 exiguam
754 2574 862 2600 vero
888 2574 1076 2614 eamque
1097 2559 1466 2615 improbiffimam
1497 2565 1543 2600 et

152 2626 468 2669 insanisfimam
491 2627 748 2670 dominari?
777 2628 954 2671 Necesse
973 2628 1049 2678 est,
1090 2628 1249 2685 inquit.
1312 2628 1433 2686 Quid
1455 2626 1542 2683 igi-
