1657 2876
627 148 918 194 POLITIA
954 149 1038 192 IX.
1499 147 1528 190 5

150 266 378 313 manifesto
422 263 788 322 deprehenditur.
837 264 926 305 iam
966 263 1072 306 vide
1103 279 1212 307 num
1238 264 1344 322 quid
1370 263 1527 307 videar

149 339 296 380 dicere
335 341 377 375 et
409 340 457 375 tu
488 332 741 374 assentiare.
809 332 927 374 Sane
966 334 1192 375 assentior.
1257 334 1526 392 Popularem

148 419 258 447 vero
287 400 525 445 recordare
548 401 727 455 qualem
755 400 1004 442 dixerimus
1040 403 1135 443 effe.
1181 409 1274 443 erat
1305 410 1456 445 autem
1489 401 1525 443 is

147 485 282 531 parco
303 476 430 527 patre
452 477 583 510 natus
602 477 646 510 et
667 486 692 512 a
716 487 859 531 puero
882 472 936 513 ab
965 472 1040 513 illo
1070 470 1281 511 educatus
1296 501 1306 521 ,
1336 471 1413 525 qui
1444 485 1527 513 cu·-

146 539 348 598 piditates
370 536 551 593 quidem
572 539 626 580 ad
656 542 886 595 quaestum
913 539 1169 583 faciendum
1188 541 1429 596 propensas
1450 554 1529 581 co-

144 609 261 651 leret
290 607 422 658 solas,
455 619 525 647 eas
556 621 667 648 vero
696 623 809 664 quae
836 625 928 651 non
952 610 1053 649 sunt
1070 608 1348 660 necessariae,
1377 608 1450 648 sed
1473 608 1528 650 ad

144 675 294 718 iocum
332 681 374 715 et
404 673 539 715 decus
566 675 795 732 spectant,
837 683 1173 720 contemneret:
1221 674 1403 718 nonne?
1448 675 1528 716 Ita.

145 741 526 787 Consuetudinem
561 757 670 785 vero
703 745 810 787 dum
843 745 1057 803 iungebat
1089 760 1193 787 cum
1225 744 1329 786 viris
1348 742 1530 800 politio-

144 812 268 856 ribus
293 823 536 865 earumque
568 827 676 867 quas
695 814 827 856 modo
850 813 1204 856 memoravimus
1233 810 1529 869 cupiditatum

144 880 312 939 plenis,
354 879 721 936 progrediebatur
752 882 807 924 ad
844 898 1024 925 omnem
1060 881 1398 940 protervitatem
1425 878 1531 920 illa--

145 963 338 1005 rumque
372 962 512 1003 genus
553 950 655 992 odio
695 959 930 1007 permotus
972 958 1187 1008 paternae
1223 946 1531 1008 parsimoniae,

144 1016 379 1073 ingenium
402 1031 509 1059 vero
538 1018 640 1075 quia
666 1019 860 1062 habebat
886 1020 1046 1062 melius
1076 1035 1209 1076 quam
1229 1023 1530 1073 corruptores,

143 1086 196 1129 in
223 1092 465 1140 utramque
502 1094 680 1142 partem
719 1095 886 1130 tractus
923 1088 1100 1130 medius
1130 1086 1380 1130 eonfistebat
1409 1084 1531 1124 inter

144 1161 358 1210 utrasque
385 1151 568 1193 vivendi
596 1155 816 1208 rationes,
847 1154 1038 1211 ideoque
1063 1157 1266 1207 modice,
1304 1160 1356 1194 ut
1382 1149 1532 1193 existi-

145 1222 321 1275 mabat,
351 1228 545 1274 utraque
566 1222 669 1264 usus
691 1237 836 1279 neque
860 1222 1123 1266 illiberalem
1143 1237 1289 1279 neque
1311 1237 1336 1263 a
1361 1220 1531 1275 legibus

146 1292 344 1334 aversam
367 1289 553 1345 degebat
575 1291 730 1343 vitam,
760 1291 992 1348 popularis
1014 1307 1037 1334 e
1057 1293 1155 1335 viro
1174 1304 1427 1350 paucorum
1447 1288 1532 1329 do-

144 1357 406 1406 minationis
430 1358 590 1415 cupido
608 1357 764 1402 factus.
797 1359 908 1402 Erat
927 1360 1043 1411 sane,
1066 1360 1226 1416 inquit,
1244 1367 1288 1401 et
1302 1359 1359 1399 est
1377 1357 1462 1399 hoc
1477 1354 1532 1397 de

145 1428 366 1473 eiusmodi
386 1426 483 1470 viro
508 1427 735 1473 iudicium.
796 1430 919 1473 Pone
948 1429 1109 1486 igitur,
1139 1428 1322 1484 inquam
1338 1457 1350 1478 ,
1378 1424 1532 1467 rursus

144 1499 281 1543 huius
300 1497 390 1540 iam
408 1496 591 1539 senioris
617 1495 721 1540 sacti
742 1496 889 1540 filium
912 1499 1126 1540 iuvenem
1142 1496 1190 1538 in
1210 1496 1340 1554 ipsius
1353 1506 1531 1550 quoque

146 1567 346 1611 moribus
378 1564 630 1608 educatum.
692 1566 828 1609 Pono.
896 1567 963 1610 Ac
991 1581 1109 1623 pone
1143 1565 1297 1607 eadem
1323 1564 1399 1606 illa
1427 1560 1532 1603 huic

148 1635 361 1681 accidere,
392 1646 505 1684 quae
527 1632 621 1674 eius
635 1634 751 1691 patri
773 1635 1042 1683 acciderant,
1074 1641 1126 1676 ut
1147 1633 1352 1676 trahatur
1371 1633 1419 1673 in
1431 1646 1532 1673 om·-

145 1719 253 1747 nem
272 1704 424 1757 legum
445 1699 756 1754 violationem,
794 1703 959 1745 dictam
987 1718 1013 1744 a
1045 1702 1329 1744 trahentibus
1348 1701 1533 1743 liberta-

146 1780 239 1814 tem
270 1783 466 1819 omnem,
496 1775 541 1808 et
568 1769 789 1811 auxilium
817 1770 939 1811 ferre
969 1769 1128 1812 mediis
1158 1768 1244 1811 illis
1270 1766 1533 1825 cupiditati-

146 1841 229 1883 bus
251 1845 424 1896 patrem
448 1835 738 1892 reliquosque
759 1837 1058 1895 propinquos,
1078 1837 1177 1879 illos
1198 1852 1310 1879 vero
1331 1835 1532 1892 quicon-

145 1908 336 1951 trarium
360 1905 397 1947 ei
417 1903 565 1946 ferant
589 1904 822 1959 auxilium,
843 1920 982 1962 quum
1007 1913 1170 1962 putent
1187 1920 1343 1962 graves
1364 1902 1412 1944 hi
1431 1917 1532 1944 ma-

145 1977 191 2035 gi
214 1984 257 2018 et
280 1973 458 2031 tyranni
489 1972 720 2015 effectores
753 1989 845 2016 non
877 1972 1006 2015 aliter
1024 1974 1067 2014 se
1087 1981 1338 2016 retenturos
1358 1973 1438 2013 effe
1458 1969 1533 2011 iu-

146 2059 324 2097 venem,
353 2042 398 2085 id
421 2056 551 2098 agere
570 2049 620 2083 ut
649 2057 848 2084 amorem
877 2042 1066 2098 aliquem
1090 2042 1131 2084 ei
1152 2040 1365 2091 iniiciant,
1396 2053 1533 2096 prae-

146 2113 317 2157 fectum
345 2111 548 2167 segnium
582 2119 626 2153 et
656 2111 939 2168 poffeffiones
971 2110 1276 2168 dissipantium
1310 2107 1533 2165 cupidita-

148 2190 266 2236 tum,
297 2180 523 2223 volucrem
552 2193 855 2236 magnumque
885 2179 1042 2221 sucum
1069 2178 1318 2235 quendam:
1345 2192 1403 2219 an
1425 2175 1534 2232 quid

148 2250 267 2293 aliud
296 2249 441 2292 censes
483 2250 564 2289 esse
605 2247 825 2290 eiusmodi
855 2247 1093 2289 hominum
1134 2246 1368 2289 amorem?
1411 2245 1533 2289 Nihil

149 2318 368 2375 equidem,
390 2316 556 2373 inquit,
587 2316 667 2359 nifi
685 2315 786 2358 hoc.
817 2315 991 2368 Nonne,
1024 2330 1167 2373 quum
1194 2314 1389 2371 reliquae
1419 2329 1533 2370 quo-

149 2401 236 2444 que
260 2384 522 2440 cupiditates
551 2384 770 2427 bombum
794 2385 913 2427 circa
938 2399 1042 2427 eum
1075 2381 1288 2426 facientes
1313 2390 1355 2425 et
1378 2382 1534 2425 odori-

147 2454 230 2496 bus
263 2452 524 2507 affluentes,
553 2453 814 2510 ungue-ntis,
845 2453 1035 2504 coronis,
1067 2451 1183 2494 vinis
1215 2467 1266 2495 ac
1284 2452 1535 2508 voluptati-

148 2523 231 2565 bus
264 2536 379 2578 quae
411 2521 459 2562 in
492 2521 705 2564 eiusmodi
741 2522 1040 2578 congressibus
1074 2519 1297 2576 agitantur
1321 2519 1535 2563 dissolutis

147 2606 288 2648 usque
310 2590 365 2633 ad
386 2597 638 2634 extremum
660 2598 883 2634 auxerunt
907 2598 950 2634 et
972 2589 1272 2635 nutriverunt
1295 2588 1537 2647 appetitio-
