1657 2876
625 83 919 130 POLITIA
957 83 1013 128 X.
1417 94 1495 126 101

101 208 224 250 cisse:
254 199 524 249 Neceffitatis
552 197 671 240 filiae
703 197 886 252 virginis
909 196 1108 239 Lachesis
1139 196 1310 241 oratio:
1341 195 1494 240 Animi

101 276 149 318 in
171 275 285 318 diem
308 273 534 318 viventes,
559 265 739 307 initium
759 265 871 307 alius
895 263 1110 306 circuitus
1131 266 1330 308 mortalis
1356 279 1494 319 gene-

99 344 161 386 ris
191 339 376 392 letiferi,
408 351 498 379 non
523 349 599 376 vos
630 334 787 389 genius
821 333 1052 384 sortietur,
1092 334 1163 374 sed
1198 350 1276 376 vos
1309 333 1493 390 genium

98 409 281 466 eligetis.
312 405 389 462 qui
423 405 591 461 primus
619 402 782 443 sortem
813 399 938 442 ducit
965 401 1139 458 primus
1170 402 1317 457 eligito
1349 403 1492 444 vitam

97 479 144 522 in
170 492 255 533 qua
279 473 524 516 versabitur
549 472 796 514 neceffitate
813 468 1059 511 adstrictus.
1094 469 1236 511 virtus
1260 480 1408 513 autem
1432 469 1492 512 li—

97 546 207 588 bera
235 544 313 593 est,
345 557 481 598 quam
514 547 564 582 ut
594 539 781 594 quisque
809 536 1006 579 maxime
1037 539 1152 580 colet
1176 546 1254 580 aut
1286 539 1488 595 negliget,

95 614 158 657 ita
179 611 374 655 maxime
393 618 472 652 aut
496 607 685 651 minime
708 605 904 648 habebit.
926 606 1054 662 culpa
1077 621 1213 663 penes
1235 607 1486 663 eligentem,

97 682 207 725 deus‘
228 681 361 737 culpa
386 686 518 720 caret.
553 677 683 733 Quae
707 690 845 729 quum
868 674 1049 728 dixiffet,
1076 675 1303 716 conieciffe
1320 675 1365 717 in
1386 692 1489 718 om-

92 765 175 794 nes
207 751 372 798 sortes,
406 754 450 787 et
470 758 694 800 quemque
719 743 935 786 sustulisse
957 744 1032 785 fibi
1059 745 1300 792 obiectam,
1332 746 1376 786 se
1406 759 1488 785 ex-

96 817 345 876 cep103fibi
363 814 482 857 enim
508 813 633 854 illum
657 826 745 852 non
761 826 838 867 per
842 810 1003 855 misisse.
1025 827 1163 868 quum
1175 828 1283 855 veto
1297 813 1489 854 sustulis-

92 890 159 931 set
186 886 396 942 quisque,
427 882 597 937 liquere
626 887 788 934 quotus
811 880 965 921 sortito
994 879 1136 922 factus
1163 885 1281 924 effet.
1324 881 1488 923 deinde

92 956 250 999 ruisus
282 954 474 995 vitatum
511 947 717 1003 exempla
753 955 855 988 ante
899 929 1015 1002 ipsos
1046 950 1232 1005 posuisse
1267 950 1314 992 in
1350 959 1486 1003 teria,

94 1030 236 1067 multo
263 1023 396 1079 plina
418 1033 550 1074 quam
575 1016 852 1074 piaesentia3
883 1014 1008 1056 fuiffe
1025 1024 1171 1058 autem
1203 1019 1316 1061 varii
1349 1034 1487 1075 gene..

91 1092 177 1142 ri33
205 1090 500 1131 animantium
522 1085 640 1127 enim
661 1083 866 1125 omnium
883 1083 996 1124 vitas
1021 1092 1155 1140 atque
1169 1087 1302 1130 etiam
1325 1088 1486 1130 huma·

97 1175 173 1203 nas
192 1173 375 1210 omnes3
405 1154 566 1196 etenim
588 1150 845 1208 tyrannides
867 1149 913 1191 iu
936 1150 997 1191 eis
1020 1151 1167 1200 fuiffe,
1187 1156 1352 1210 partim
1378 1170 1486 1212 per..

97 1235 271 1285 petuas,
306 1223 475 1282 partim
495 1235 673 1276 quoque
694 1218 840 1260 medio
871 1218 918 1259 in
947 1219 1078 1260 cursu
1104 1220 1334 1264 exstinctas
1366 1231 1410 1264 et
1440 1222 1486 1265 in.

92 1301 432 1353 paupertatem,
472 1288 673 1331 exsilium
702 1294 745 1327 et
779 1285 1111 1329 mendicitatem
1145 1291 1316 1340 versas;
1359 1289 1485 1332 fuiffe

95 1363 228 1405 etiam
262 1362 560 1419 spectatorum
592 1356 805 1426 virorum=
827 1353 962 1403 vitas,
1004 1356 1167 1412 partim
1203 1358 1259 1399 ad
1291 1359 1486 1416 speciem

94 1440 135 1473 et
157 1427 537 1487 pulchritudinem
559 1425 841 1480 reliquasque
865 1423 977 1464 vires
999 1434 1043 1466 et
1059 1425 1359 1478 certationem,
1379 1443 1487 1484 par-

91 1499 177 1540 ‘tim
204 1498 259 1539 ad
285 1496 559 1538 nobilitatem
580 1492 896 1548 maiorumque
919 1491 1133 1545 virtutes,
1155 1501 1197 1534 et
1218 1495 1485 1551 ignobilium

95 1565 518 1620 fimiliter,itemque
544 1561 802 1604 mulierum.
834 1559 976 1602 animi
998 1568 1148 1604 autem
1169 1563 1373 1605 ordinem
1393 1578 1486 1604 non

95 1637 226 1678 ineffe
265 1641 505 1690 propterea
536 1629 656 1684 quod
696 1628 935 1670 necessario
976 1629 1105 1670 aliam
1149 1630 1313 1687 eligens
1344 1631 1485 1672 vitam

96 1704 206 1746 alius
228 1702 468 1751 exfistere-tg
502 1697 669 1751 reliqua
690 1704 731 1737 et
751 1696 869 1737 inter
889 1696 931 1735 se
954 1704 997 1738 et
1021 1695 1189 1738 divitiis
1216 1714 1266 1740 ac
1287 1714 1487 1757 pauper-

94 1779 210 1824 tate,
235 1767 401 1812 morbis
425 1775 465 1807 et
486 1765 668 1806 sanitate
689 1764 833 1809 mixta
854 1767 958 1810 csse,
991 1766 1209 1808 nonnulla
1229 1768 1365 1810 etiam
1386 1783 1486 1809 me-

97 1840 217 1883 dium
241 1837 454 1893 quiddam
477 1840 642 1874 tenere.

210 1906 290 1949 Hic
320 1904 432 1955 iam,
463 1909 513 1942 ut
544 1908 685 1957 patet,
717 1914 818 1941 care
842 1899 1037 1948 Glauco,
1071 1916 1204 1942 omne
1227 1902 1484 1959 periculum

93 1974 291 2023 homini,
324 1981 366 2015 et
388 1971 502 2013 hanc.
524 1969 579 2011 ob
611 1970 788 2010 causam
819 1984 1001 2011 omnem
1041 1970 1257 2024 cuiusque
1288 1971 1486 2015 nostrum

96 2059 250 2087 curam
281 2040 450 2083 versari
479 2045 655 2094 oportet
674 2038 721 2079 in
741 2037 827 2079 hoc
848 2045 897 2079 ut
931 2038 1111 2094 reliquis
1135 2038 1375 2095 disciplinis
1401 2053 1489 2080 ne-

96 2113 244 2170 glectis
264 2112 378 2153 hanc
400 2106 675 2164 disciplinam
704 2113 747 2147 et
771 2106 998 2161 investiget
1019 2114 1061 2148 et
1083 2108 1290 2158 addiscat,
1313 2106 1486 2150 ficunde

96 2181 225 2239 posfit
249 2177 474 2220 addiscere
504 2183 547 2215 et
575 2173 802 2226 invenire,
836 2189 946 2231 quae
976 2174 1117 2231 ipsum
1153 2175 1211 2217 ita
1241 2183 1486 2233 comparet,

98 2255 152 2289 ut
176 2247 302 2303 possit
325 2261 373 2287 ac
395 2245 511 2296 sciat,
545 2244 683 2284 vitam
704 2243 870 2285 bonam
891 2260 915 2286 a
939 2259 1079 2300 prava
1103 2243 1369 2297 discernens,
1391 2259 1489 2289 me«

99 2315 258 2358 liorem
277 2329 332 2356 ex
355 2311 564 2354 omnibus
588 2326 896 2368 quaecumque
914 2311 1012 2366 eligi
1035 2313 1193 2371 possint
1217 2313 1385 2370 ubique
1406 2312 1488 2354 eli-

99 2397 206 2440 gere
222 2413 233 2432 ,
263 2383 412 2423 secum
435 2388 649 2439 reputans
675 2380 825 2423 omnia
847 2380 981 2422 modo
1009 2379 1125 2422 dicta
1144 2396 1286 2436 eaque
1306 2382 1424 2424 inter
1448 2382 1490 2423 se

101 2464 372 2507 componens
404 2458 535 2504 atque
558 2448 806 2490 diiudicans
827 2449 879 2491 ad
901 2450 1039 2490 vitam
1064 2449 1232 2491 virtute
1263 2452 1492 2507 praestan-

102 2529 195 2562 tem
219 2518 442 2574 quomodo
465 2519 507 2558 se
527 2518 743 2568 liabeantg
774 2526 824 2559 ut
842 2533 977 2574 porro
998 2517 1234 2574 intelligat,
1258 2517 1361 2573 quid
1392 2517 1495 2573 pul-

102 2587 311 2631 chritudo
335 2602 438 2631 cum
461 2593 724 2646 paupertate
750 2593 828 2630 aut
859 2586 1030 2630 divitiis
1059 2588 1294 2632 coniuncta
1323 2594 1365 2628 et
1392 2599 1493 2628 cum
