1657 2876
640 170 945 217 CRITIAS.
1419 175 1497 236 517

117 292 168 335 fis
180 291 457 334 incrementa
469 292 682 345 ceperunt
693 297 808 338 quae
825 285 1203 331 enumeravimus.
1232 303 1373 345 quum
1384 303 1500 337 vero

118 360 191 403 dei
209 358 359 401 sorsin
374 355 425 398 iis
436 353 678 398 evanuisset
690 366 792 393 cum
802 353 946 395 multo
956 357 1132 398 mortali
1145 358 1386 413 multisque
1398 373 1503 400 mo-

117 428 186 471 dis
205 424 449 470 commixta
466 456 478 474 ‚
508 422 708 464 humana
740 428 889 463 autem
912 421 1082 477 indoles
1110 425 1371 479 superasset,
1404 433 1501 469 tum

117 496 303 538 demum
328 495 446 536 bona
469 503 580 546 quae
607 487 831 530 habebant
851 489 967 532 ferre
998 506 1087 533 non
1119 500 1367 550 potuerunt
1393 509 1502 550 pra-

116 579 291 621 vosque
315 564 359 604 se
376 557 708 618 praebuerunt,
742 565 785 599 et
816 558 857 599 ei
888 558 968 615 qui
1006 558 1164 603 videre
1200 568 1374 619 poterat
1407 569 1504 603 tur-

115 647 195 691 pes
218 630 510 679 videbantur,
539 625 848 683 pulcherrima
874 642 896 668 e
915 628 1227 685 pretiofisfimis
1246 629 1501 688 perdentes,

114 700 172 744 ab
199 699 253 743 iis
278 712 389 740 vero
418 693 495 751 qui
521 707 676 737 veram
707 695 761 737 ad
789 695 1046 738 felicitatem
1067 696 1208 740 vitam
1231 698 1386 740 videre
1406 712 1501 740 uon

114 772 348 826 poterant,
379 770 476 806 tum
499 762 663 805 scilicet
681 763 849 820 oppido
875 763 1052 820 pulchri
1074 772 1119 806 et
1144 766 1262 810 beati
1288 766 1502 808 existima-

114 835 302 888 bantur,
333 831 544 875 aviditate
561 832 719 875 iniusta
741 840 787 874 et
805 832 1005 891 potentia
1024 833 1214 891 impleti.
1261 835 1371 880 deus
1393 849 1502 877 vero

115 902 305 946 deorum
332 900 534 958 Iuppiter
562 900 669 944 iuste
699 900 948 958 imperans,
979 902 1146 960 quippe
1180 902 1234 945 ad
1264 902 1374 945 haec
1401 918 1505 945 cer-

112 970 261 1014 nenda
280 968 458 1021 valens,
490 983 633 1025 quum
654 968 932 1012 intellexisset
961 983 1103 1024 genus
1126 973 1321 1029 probum
1342 970 1504 1014 misere

66 1090 69 1091 ⁷
114 1039 328 1083 affectum
347 1040 450 1088 effe,
482 1051 629 1093 poena
652 1051 727 1079 eos
747 1037 923 1080 afficere
944 1038 1163 1096 cogitans,
1194 1047 1245 1082 ut
1267 1039 1509 1082 modestio-

113 1123 186 1153 res
216 1106 465 1152 evaderent
491 1104 707 1161 castigati,
737 1106 1001 1150 convocavit
1036 1108 1142 1151 deos
1174 1124 1329 1152 omnes
1347 1108 1393 1150 in
1419 1123 1505 1150 au-

66 1193 70 1196 *
114 1174 398 1233 gustisfimam
421 1189 576 1218 eorum
598 1173 763 1228 sedem,
775 1189 889 1231 quae
917 1175 1099 1233 quidem
1123 1177 1276 1221 locum
1302 1177 1503 1221 medium

114 1245 311 1288 univerfi
337 1242 495 1287 mundi
535 1241 707 1285 obtinet
739 1243 980 1301 omniaque
1017 1246 1230 1303 conspicit
1256 1262 1370 1304 quae
1406 1254 1504 1290 orta

114 1313 243 1370 sunt,
270 1320 318 1356 et
338 1310 462 1370 apud
483 1319 748 1358 convocatos
770 1311 911 1356 verba
933 1312 1040 1357 fecit
1057 1315 1087 1345 ἦ
1107 1316 1135 1344 *Ε
1153 1315 1182 1346 ¹*
1199 1317 1228 1345 ἦ
1247 1317 1277 1346 ³¹⁶
