1657 2876
600 98 934 144 TIMAEUS.
1373 101 1457 158 167

75 214 482 273 praebebat5etiam
503 211 689 254 maiores
712 219 862 253 tamen
880 213 1031 256 turbas
1044 215 1293 258 efficiebant
1310 222 1459 257 motus

78 284 210 325 rebus
242 284 288 325 in
322 295 541 338 quemque
569 279 867 322 incidentibus
894 281 1043 333 allati,
1085 284 1458 340 quotiescumque

75 352 256 394 alicuius
277 365 436 407 corpus
454 349 501 390 in
527 349 676 405 ignem
704 348 950 391 incurreret
970 348 1167 392 alienum
1188 355 1459 396 extrinsecus

74 421 128 461 ad
152 436 254 462 eum
276 417 502 461 offendens
522 419 592 459 vel
616 417 750 459 etiam
773 417 826 459 ad
848 425 1015 459 terram
1029 418 1217 474 rigidam
1238 420 1460 462 lubricos-

75 503 162 544 que
190 500 404 543 aquarum
433 486 598 543 lapsus,
639 486 710 528 vel
738 487 765 528 fi
784 494 1021 528 ventorum
1043 487 1098 529 ab
1123 488 1227 530 aere
1250 503 1459 531 commo-—

74 565 225 599 torum
257 555 485 611 tempestas
508 554 554 596 id
589 555 970 612 deprehenderet,
1011 565 1051 598 et
1083 556 1137 597 ab
1162 556 1228 598 his
1251 556 1457 599 omnibus

72 625 292 667 motiones
327 638 406 680 per
444 639 606 680 corpus
645 623 698 665 ad
737 624 937 666 animum
979 623 1150 666 delatae
1180 626 1459 682 ingruerent,

72 692 146 748 qui
168 691 348 747 quidem
374 692 507 734 etiam
531 702 637 734 tunc
659 693 822 735 iccirco
844 692 1062 735 nominati
1074 694 1229 735 suntet
1245 709 1364 737 nunc
1375 692 1459 736 ad-

69 759 158 802 huc
187 760 481 803 nominantur
501 763 646 804 sensus
664 762 712 804 in
732 762 1002 803 universum.
1036 769 1169 815 atque
1191 761 1324 804 etiam
1351 769 1458 803 tunc

69 827 318 883 plurimum
350 830 398 871 in
421 845 628 886 praesens
657 822 700 872 e't
720 831 972 872 maximum
995 838 1167 872 motum
1197 829 1457 881 excitantia,

71 907 171 944 cum
198 896 296 937 rivo
328 899 610 940 continenter
635 899 805 941 fluente
837 899 1063 941 moventia
1088 907 1130 939 et
1161 899 1458 941 vehementer

70 966 368 1008 concutientia
395 967 533 1008 animi
569 968 806 1019 circuitus,
848 966 1049 1009 eiusdem
1079 968 1260 1022 quidem
1292 966 1458 1009 circui-—

71 1042 166 1076 tum
198 1037 376 1091 prorsus
408 1035 747 1091 impediverunt
766 1044 924 1077 contra
943 1051 1047 1077 eum
1067 1035 1280 1088 fluentia,
1314 1045 1359 1078 et
1377 1051 1458 1078 co·-

66 1101 313 1144 hibuerunt
341 1113 570 1158 regentem
605 1121 653 1146 ac
676 1104 1064 1162 progredientem,
1095 1105 1276 1147 alterius
1303 1112 1456 1148 autem

68 1170 306 1212 circuitum
330 1171 390 1212 ita
411 1174 636 1214 c011cuffe1
642 1182 738 1224 unt
762 1173 949 1228 utdupli
970 1180 1011 1213 et
1031 1173 1155 1228 tlipli
1179 1184 1209 1214 tx
1211 1174 1263 1216 ia
1287 1175 1456 1216 utrius·-

67 1252 155 1293 que
187 1239 427 1282 intervalla
449 1248 494 1282 et
512 1242 667 1298 lesqui
660 1243 928 1291 melorum,
964 1240 1341 1296 sesquitertioxum
1366 1243 1459 1283 ses-

65 1307 500 1364 quioctavo1umque
529 1309 676 1351 media
703 1316 746 1350 et
772 1308 1106 1365 colligationes,
1138 1324 1250 1366 quae
1277 1290 1465 1351 dissolxi

64 1378 249 1433 prsorsu
290 1393 382 1418 nou
418 1386 546 1433 pote1
549 1386 624 1419 ‘nit
650 1377 728 1419 nifi
764 1377 819 1418 ab
854 1391 905 1417 eo
933 1377 1010 1432 qui
1038 1392 1110 1418 eas
1143 1378 1457 1429 coniunxfflat,

66 1444 274 1486 omnibus
306 1445 498 1488 flexibus
536 1446 825 1487 flecterentur
861 1460 1106 1501 omnesque
1147 1444 1386 1488 fractiones
1415 1453 1458 1486 et

66 1514 386 1569 discrepantias
425 1513 603 1556 orbium
640 1514 908 1556 inducerent
947 1515 1316 1570 quotiescumque
1359 1513 1460 1556 fieri

64 1585 216 1637 posset,
247 1581 310 1622 ita
331 1590 378 1624 ut
400 1583 512 1624 inter
535 1585 578 1624 se
599 1582 675 1624 vix
693 1583 895 1639 colligata
908 1582 1136 1633 ferrentur
1155 1582 1353 1637 quidem,
1384 1581 1460 1623 sed

64 1651 156 1692 fine
178 1650 351 1692 ratione
374 1651 627 1700 ferrentur,
659 1651 794 1693 modo
827 1651 1076 1697 contraria,
1109 1649 1243 1691 modo
1266 1649 1459 1705 obliqua,

64 1718 201 1761 modo
236 1718 407 1775 supina,
442 1721 565 1770 velut
594 1722 624 1761 fi
656 1719 753 1772 quis
785 1719 1019 1774 resupinus
1053 1725 1189 1775 caput
1218 1718 1263 1760 in
1288 1726 1459 1760 terram

63 1787 282 1843 imponat,
312 1789 445 1843 pedes
470 1796 620 1830 autem
642 1789 813 1828 sursum
845 1786 977 1828 alicui
996 1787 1061 1827 rei
1080 1786 1334 1840 admoveat,
1360 1795 1459 1828 tum

63 1857 113 1898 in
138 1856 220 1897 hoc
244 1857 354 1896 statu
385 1863 480 1897 tam
515 1857 608 1898 eius
635 1855 711 1911 qui
736 1856 793 1895 fic
817 1855 859 1895 se
884 1853 1018 1894 habet
1040 1867 1178 1909 quam
1201 1868 1357 1896 eorum
1383 1853 1460 1910 qui

63 1925 192 1967 illum
219 1924 373 1967 vident
406 1924 590 1966 dextrae
617 1930 764 1980 partes
787 1923 975 1964 finistrae
998 1930 1041 1964 et
1062 1922 1250 1963 smistrae
1277 1922 1462 1964 dextrae

66 1993 268 2047 utrisque
289 2000 588 2049 utrorumque
606 1992 828 2035 videntur.
862 1992 1020 2035 codem
1043 1991 1179 2047 igitur
1193 1989 1328 2032 modo
1346 1990 1461 2039 aliis-

65 2076 151 2117 que
170 2061 381 2103 similibus
403 2061 616 2103 circuitus
633 2062 922 2113 vehementer
943 2060 1106 2111 affecti,
1139 2074 1278 2115 quum
1301 2058 1459 2109 inirem

66 2119 262 2187 aliquam
277 2139 513 2172 externam
539 2130 737 2172 eiusdem
754 2129 1026 2173 autalterius
1045 2128 1219 2185 generis
1239 2126 1459 2181 incidunt,

66 2205 161 2241 tum
185 2198 229 2241 id
255 2199 373 2254 quod
393 2198 510 2240 idem
526 2215 626 2241 cuin
651 2199 798 2255 aliquo
825 2207 868 2241 et
889 2197 1008 2254 quod
1033 2197 1220 2238 alterum
1241 2210 1289 2238 ac
1305 2195 1460 2238 diver·-

41 2296 43 2299 -
67 2267 161 2307 sum
182 2269 238 2308 cst
257 2276 410 2310 contra
431 2283 482 2309 ac
504 2282 610 2310 vere
632 2270 674 2309 se
693 2267 860 2309 habent
880 2265 1155 2323 appellantes
1173 2264 1264 2306 falfi
1290 2273 1333 2306 et
1354 2265 1460 2322 insi·-

67 2335 240 2392 pientes
255 2337 472 2388 exsistunt,
504 2352 586 2378 nee
610 2338 726 2379 ullus
749 2337 796 2379 in
820 2337 917 2392 ipsis
942 2343 1039 2375 tum
1063 2332 1275 2375 circuitus
1303 2334 1360 2374 est
1384 2347 1460 2373 re-

66 2418 175 2455 ¹aens
190 2418 240 2446 ac
254 2403 448 2456 ducens;
473 2406 624 2447 rursus
646 2421 752 2448 vero
771 2420 910 2461 quum
927 2403 1071 2444 sensus
1086 2401 1264 2458 quidam
1285 2401 1459 2443 extrin-

66 2473 190 2514 secus
223 2472 333 2514 illati
366 2481 406 2513 ct
438 2473 684 2516 incidentes
717 2482 862 2516 totum
888 2485 1070 2527 quoque
1093 2470 1232 2512 animi
1253 2470 1458 2527 comple-

67 2555 179 2582 xum
203 2542 348 2582 secum
377 2542 577 2593 trahunt,
609 2551 702 2584 tum
718 2543 763 2584 hi
784 2541 979 2598 superati
1001 2541 1214 2582 videntur
1231 2540 1456 2597 superare.

64 2610 200 2664 ‘atquc
221 2619 408 2667 propter
432 2625 587 2655 omnes
603 2611 680 2654 llas
703 2610 958 2654 affectiones
974 2625 1092 2652 nunc
1108 2608 1254 2668 primo
1275 2607 1456 2662 quidem
