1657 2876
538 115 875 161 TIMAEUS.
1318 133 1397 164 221

21 240 133 283 tam,
164 232 385 282 auditum,
416 229 788 272 considerantibus
813 231 1137 287 exponendum
1160 234 1403 291 estquibus

24 320 50 346 e
81 305 212 345 caufis
242 302 336 343 eius
362 299 611 341 affectiones
644 298 858 339 exfistaut.
897 298 944 340 in
976 300 1236 345 universum
1267 304 1402 360 igitur

24 389 182 416 vocem
206 384 423 428 ponamus
446 366 584 408 ictum
611 368 693 408 effe
713 367 767 408 ab
785 365 887 408 aete
909 381 990 421 per
1008 382 1137 410 aures
1159 372 1403 413 excitatum

25 442 197 486 cerebri
219 448 258 481 et
289 434 506 490 sanguinis
541 448 680 489 usque
706 433 760 475 ad
791 434 991 476 animum
1021 437 1318 489 transfusum,
1358 447 1403 480 et

23 510 269 553 motionem
293 504 347 544 ab
371 517 421 544 eo
454 503 685 545 excitatam
701 535 712 554 ‚
743 518 768 544 a
789 502 932 558 capite
953 504 1267 547 exordientem
1290 514 1335 547 et
1354 507 1401 548 in

21 578 180 621 iecoris
208 574 305 616 sede
323 572 588 613 defluentem
606 600 617 617 ,
648 571 871 620 auditum,
903 587 1094 629 eamque
1118 588 1233 630 quae
1250 574 1400 623 velox,

23 655 199 688 acutam
216 674 227 688 ,
260 655 373 696 quae
408 656 513 681 vero
539 639 731 689 tardior,
762 639 1043 693 graviore1n3
1074 649 1119 683 et
1138 656 1275 686 unam
1298 643 1404 698 qui-

22 715 123 758 dem
167 710 394 768 aequalem
425 716 469 749 et
501 709 666 759 lenem,
713 707 981 750 contrariam
1020 723 1129 753 vero
1170 711 1401 766 asperam3

19 795 229 838 magnam
250 792 385 834 porro
407 777 657 832 ingentem,
689 777 956 818 contrariam
977 791 1178 833 parvam.
1224 779 1280 821 de
1298 793 1401 820 con-

19 858 152 894 centu
174 854 323 890 autem
355 860 510 888 earum
539 844 588 886 in
618 844 668 885 iis
690 858 802 900 quae
828 844 947 886 infra
980 845 1169 889 dicenda
1196 847 1299 888 sunt
1319 861 1402 888 ex-

17 920 125 977 poni
147 923 336 976 oportet.

134 987 362 1044 Quartum
393 984 480 1024 iam
507 983 636 1024 restat
658 981 803 1024 adhuc
821 997 961 1039 genus
978 984 1109 1027 nobis
1125 983 1344 1027 sentiendi
1358 983 1403 1024 vi

16 1056 297 1116 praeditum,
339 1052 456 1107 quud
490 1050 707 1107 explicari
736 1059 913 1107 oportet
935 1054 1098 1095 multas
1118 1054 1164 1094 in
1185 1052 1228 1093 [e
1249 1052 1405 1093 varie-

15 1134 131 1168 tates
154 1123 344 1172 habens,
385 1133 490 1174 quas
520 1134 675 1160 omnes
697 1120 749 1161 ad
782 1135 924 1162 uuum
945 1121 1119 1163 colores
1141 1119 1402 1163 nominavi-

14 1209 129 1243 mus,
150 1191 378 1233 flammam
398 1201 421 1227 e
444 1187 710 1243 corporibus
726 1188 977 1245 quibusque
996 1189 1268 1239 effluentem,
1294 1185 1402 1228 visui

15 1268 309 1317 congruentes
341 1263 491 1313 partes
522 1255 759 1297 habentem
784 1258 838 1298 ad
862 1258 1052 1299 sensum.
1096 1258 1151 1298 de
1173 1256 1270 1312 ipfis
1291 1269 1401 1296 vero

15 1331 150 1375 caufis
184 1342 295 1383 quae
326 1326 468 1366 visum
502 1324 816 1381 produxerunt
856 1325 992 1382 supra
1040 1327 1284 1382 expositum
1327 1324 1400 1364 est.

13 1401 165 1454 itaque
190 1395 244 1437 de
268 1393 492 1435 coloribus
522 1392 726 1434 maxime
746 1394 958 1436 convenit
978 1408 1030 1437 ac
1051 1395 1174 1436 decet
1201 1390 1404 1434 oratione

11 1467 308 1511 consentanea
330 1461 554 1513 disserere,
585 1475 637 1501 ea
657 1475 770 1515 quae
798 1463 953 1504 ceteris
973 1463 1177 1521 partibus
1196 1460 1402 1504 serantur

16 1544 61 1579 et
88 1535 134 1577 in
166 1532 303 1575 visum
339 1529 574 1571 incurrant
601 1529 767 1585 partim
788 1530 992 1580 minora,
1026 1531 1187 1588 partim
1214 1529 1403 1583 maiora,

11 1601 179 1664 partim
214 1598 410 1654 aequalia
441 1599 523 1639 effe
556 1597 686 1652 ipfius
724 1597 842 1639 visus
872 1599 1084 1656 partibus.
1126 1607 1170 1641 et
1197 1598 1402 1653 aequalia

16 1673 198 1729 quidem
221 1667 300 1710 sub
324 1666 499 1707 sensum
529 1681 619 1707 non
653 1664 838 1719 cadunt,
871 1682 986 1723 quae
1010 1669 1146 1711 etiam
1177 1666 1401 1727 pellucida

14 1740 218 1788 dicimus,
247 1734 418 1779 maiora
439 1741 588 1776 autem
613 1741 657 1775 et
677 1733 874 1787 minora,
906 1736 1218 1779 contrahentia
1239 1743 1284 1777 et
1307 1734 1401 1777 dis-

15 1806 243 1852 cernentia
265 1802 422 1856 visum,
455 1802 516 1843 eis
534 1816 646 1858 quae
669 1804 723 1846 ad
750 1817 928 1844 carnem
949 1804 1089 1847 calida
1112 1813 1155 1846 et
1176 1803 1334 1861 frigida
1355 1810 1402 1844 et

14 1878 69 1920 ad
95 1877 296 1930 linguam
329 1870 486 1913 acerba
517 1869 619 1911 sunt
643 1878 686 1911 et
705 1885 1011 1927 quaecumque
1038 1871 1328 1915 calefaciendi
1353 1870 1403 1913 vi

14 1944 218 2004 praedita
237 1939 572 1983 nominavimus
599 1952 660 1980 aon
674 1937 741 1989 ia,
770 1949 954 1994 cognata
981 1942 1110 1994 sunt,
1140 1941 1240 1984 alba
1258 1948 1303 1983 et
1323 1938 1400 1982 ni-

14 2029 108 2071 gra,
139 2025 252 2067 quae
271 2008 451 2050 illorum
472 2008 573 2048 sunt
587 2007 896 2052 affectionesin
917 2009 1003 2053 alio
1026 2011 1187 2068 genere
1198 2009 1400 2061 eaedem,

14 2082 230 2125 videntur
256 2086 406 2118 autem
439 2076 549 2119 aliae
582 2085 766 2135 propter
788 2078 866 2120 has
883 2080 1047 2122 causas.
1089 2080 1151 2122 ita
1176 2078 1402 2134 igiturilla

16 2147 280 2207 appellanda
299 2146 413 2194 sunt,
435 2146 475 2187 id
500 2147 618 2202 quod
644 2147 787 2190 visum
806 2147 1015 2191 discernit
1035 2149 1203 2201 album,
1225 2155 1272 2190 et
1287 2161 1400 2190 con-

15 2218 206 2261 trarium
227 2215 535 2270 eiusnigrum3
568 2215 950 2260 vehementiorem
972 2226 1122 2260 autem
1142 2217 1398 2268 motionem,

16 2300 204 2341 eamque
240 2284 349 2326 alius
378 2284 550 2340 generis
580 2285 719 2341 ignis,
759 2286 1052 2334 incidentem,
1085 2285 1227 2328 visum
1256 2298 1399 2344 usque

15 2354 71 2396 ad
95 2353 246 2394 oculos
271 2353 595 2395 discernentem
625 2354 825 2412 ipsasque
851 2356 1088 2398 oculorum
1118 2356 1207 2398 vias
1227 2355 1400 2412 dispel-

15 2423 184 2466 lentem
224 2420 266 2461 vi
297 2429 428 2476 atque
460 2421 847 2478 liquefacientem,
888 2438 1000 2479 quae
1037 2424 1185 2480 ignem
1215 2423 1397 2480 quidem

16 2490 236 2545 fimulque
254 2505 429 2545 aquam,
462 2505 597 2546 quarn
615 2492 860 2548 lacrymam
885 2492 1071 2535 dicimus
1086 2526 1099 2546 ,
1127 2490 1397 2535 indeeffun-

16 2557 93 2612 dit,
123 2558 210 2614 ipsa
237 2573 344 2601 vero
364 2559 474 2615 ignis
495 2561 574 2613 est,
614 2575 668 2602 ex
690 2562 875 2602 adverso
894 2576 1162 2614 neem-rens,⁴
1178 2576 1265 2617 quo
1284 2574 1395 2619 par-

17 2626 96 2669 tim
122 2625 348 2671 exfiliente
377 2625 499 2672 velut
517 2643 541 2672 a
566 2627 744 2685 fulgure
774 2630 942 2688 partim
971 2629 1249 2688 ingrediente
1275 2639 1320 2674 et
1346 2631 1394 2672 in
