1657 2876
613 127 952 172 TIMAEUS.
1390 130 1470 188 159

90 252 300 287 naturam
321 242 566 299 explicatu
592 240 656 282 ita
676 239 814 295 igitur
835 241 890 282 de
913 242 1145 285 fimulacro
1169 252 1213 286 et
1227 244 1290 287 de
1314 259 1470 287 exem-

90 313 207 370 plari
237 314 384 353 rursus
404 309 701 358 statuendum,
735 309 955 351 orationes
978 324 1169 365 quorum
1202 314 1472 369 interpretes

89 383 170 423 siut
194 382 253 422 eis
282 380 379 437 ipfis
421 379 554 420 etiam
587 387 794 434 cognatas
825 381 932 426 effer,
972 385 1016 420 et
1045 393 1118 419 eas
1147 381 1323 435 quidem
1357 393 1473 436 quae

92 450 146 491 de
167 465 215 491 re
241 447 372 490 stabili
387 481 398 499 ‚
430 446 560 488 firma
581 447 807 502 mentique
828 448 1060 503 perspicua
1079 447 1355 498 habeantur,
1387 451 1474 490 sta-

89 516 201 558 biles
221 525 262 557 et
286 515 586 557 immutabiles
606 519 687 558 esse
710 523 762 566 et,
795 515 936 571 quoad
961 517 1007 558 in
1027 517 1251 558 orationes
1276 518 1395 557 cadat
1425 523 1475 558 ut:

89 585 297 640 redargui
318 593 540 641 nequeant
561 593 599 625 et
622 584 868 626 immobiles
887 585 991 633 sint,
1024 599 1075 626 eo
1094 599 1186 626 non
1209 584 1372 625 debere
1393 584 1473 624 de..

87 654 182 704 fici,
213 668 328 707 quae
345 661 495 694 autem
519 652 768 694 habeantur
787 653 842 693 de
861 668 909 694 re
929 654 981 694 ad
1006 653 1122 694 illius
1140 651 1472 693 fimilitudinem

87 720 229 763 efficta
250 722 431 776 eiusque
452 722 682 762 fimulavro
696 753 706 771 ,
738 736 806 761 eas
828 722 985 763 similes
1005 725 1085 764 effe
1106 729 1148 763 et
1170 719 1275 762 huic
1294 720 1475 776 respon-

87 792 216 840 dere3
251 798 468 845 quantum
494 790 613 830 enim
645 790 697 830 ad
724 789 765 830 id
789 791 904 847 qnod
927 789 1122 846 gignitur
1147 789 1263 830 valet
1291 787 1332 828 id
1356 786 1475 842 qnod

86 861 168 907 est,
197 867 370 901 tantum
393 859 445 900 ad
469 857 603 898 fidem
626 857 798 899 vei-itas.
830 872 1036 913 quocn‘ca
1057 859 1084 899 fi
1105 858 1243 906 forte,
1274 856 1474 906 Socrate,

87 943 228 984 quum
251 929 390 969 multa
405 927 530 968 multi
552 926 835 968 (inseruerint
857 926 1104 968 ‹le-deorum
1127 934 1287 967 natura
1308 933 1349 965 et
1368 921 1473 964 uni-

86 997 300 1038 versuatis
325 1005 456 1044 ortu,
489 995 636 1037 minus
658 994 698 1035 id
732 995 936 1051 consequi
969 994 1217 1050 poterimus
1250 1002 1300 1036 ut
1327 995 1471 1038 oratio

84 1067 229 1108 :nostra
253 1079 307 1106 ex
328 1065 450 1106 omni
475 1072 600 1121 parte
622 1065 764 1104 secum
790 1063 881 1118 ipsa
905 1063 1173 1115 consentiat,
1203 1080 1259 1108 ne
1278 1066 1471 1113 mireris,

85 1135 154 1175 sed
182 1135 210 1174 fi
230 1148 321 1174 non
342 1138 491 1174 minvs
515 1147 646 1188 quam
672 1132 779 1172 alius
811 1132 927 1171 ullus
945 1131 1194 1185 probabiles
1216 1133 1473 1187 afferamus,

85 1207 322 1243 contentus
348 1203 429 1241 esse
460 1200 615 1246 debes,
646 1210 848 1248 memor,
879 1206 969 1240 tam
992 1200 1214 1243 dicentem
1244 1218 1315 1243 me
1336 1218 1473 1257 quam

84 1287 160 1313 vos
189 1270 356 1311 iudices
385 1276 585 1309 naturam
621 1268 866 1308 humanam
896 1268 1079 1308 habere:
1112 1277 1162 1310 ut
1196 1270 1473 1326 probabilem

87 1340 142 1382 de
169 1339 255 1381 hon
284 1337 530 1380 orationem
565 1336 831 1392 accipientes
859 1337 922 1378 nil
950 1338 1068 1380 ultra
1098 1353 1178 1380 vos
1215 1338 1368 1380 deceat
1395 1354 1474 1379 re·-

87 1407 278 1465 quirere.

199 1479 271 1519 So.
309 1475 515 1529 Egoegie,
536 1474 744 1521 Timaee‚
764 1481 808 1514 et
831 1469 1014 1516 omnino
1032 1482 1082 1516 ut
1104 1475 1229 1516 iubes
1249 1475 1473 1533 accipien-

88 1544 209 1585 dum.
242 1553 373 1598 atquc
395 1543 630 1584 exoidium
651 1542 830 1595 quidem
850 1543 1012 1585 mirum
1034 1543 1081 1585 in
1101 1545 1285 1586 modum
1303 1545 1473 1601 proba-

87 1629 212 1659 mus,
246 1613 332 1653 iam
361 1611 606 1653 mationem
630 1610 753 1652 nobis
777 1610 982 1667 deinceps
1001 1612 1182 1668 perfice.

209 1682 279 1726 Ίί.
307 1680 518 1721 Dicamus
545 1679 678 1735 igitm
706 1694 838 1734 quam
868 1679 923 1720 ob
954 1681 1125 1722 causam
1155 1681 1371 1735 originem
1395 1696 1472 1722 re-

85 1765 191 1793 rum
223 1756 267 1789 et
298 1748 554 1789 universum
587 1748 672 1788 hoc
714 1748 748 1788 is
778 1749 853 1803 qui
887 1749 1127 1790 construxit
1159 1750 1471 1791 construxerit.

85 1817 256 1878 probus
289 1824 405 1867 erat3
459 1815 610 1857 31‘obus
636 1823 786 1857 autem
819 1815 929 1855 nihil
963 1830 1173 1870 umquam
1197 1818 1327 1859 alicui
1349 1819 1472 1859 invi-

88 1887 185 1937 det3
225 1884 280 1925 ab
310 1884 473 1925 invidia
503 1899 611 1924 vero
642 1884 812 1925 alienun¹
843 1884 992 1925 omnia
1018 1900 1150 1940 quam
1177 1886 1370 1928 maxime
1390 1902 1472 1927 vo—

86 1955 173 1998 luit
193 1955 255 1995 sui
281 1952 436 1995 similia
460 1951 584 1994 effici.
615 1953 698 1994 hoc
718 1951 853 2007 igitur
870 1967 1024 1995 rerum
1048 1955 1226 2011 originis
1250 1963 1294 1996 et
1312 1954 1472 1997 mundi

87 2021 358 2082 principium
394 2022 662 2063 verissimum
688 2022 718 2063 fi
741 2022 835 2078 quis
858 2021 1056 2063 maxime
1078 2023 1336 2080 probaverit
1355 2040 1379 2065 a
1401 2023 1472 2065 vi-

87 2091 151 2133 ris
171 2090 439 2147 sapientibus
458 2093 645 2146 positum
665 2091 897 2132 rectisfime
910 2091 1177 2146 probaverit.
1211 2109 1314 2134 nam
1328 2107 1472 2148 quum

90 2157 198 2199 deus
232 2158 434 2201 volniffet
462 2159 574 2201 bona.
603 2160 776 2209 omnia,
811 2160 916 2202 mali
943 2175 1053 2202 Vero
1079 2162 1192 2203 nihil
1218 2165 1298 2204 csse
1323 2161 1471 2216 quoad

92 2235 247 2268 natura
278 2235 532 2281 pateretur,
572 2229 782 2284 quicquid
807 2237 902 2271 erat
925 2230 1042 2285 quod
1065 2230 1112 2271 in
1133 2229 1342 2272 cernendi
1365 2231 1471 2271 sen-

92 2293 189 2333 sum
213 2295 387 2336 caderet
408 2294 453 2336 id
481 2296 556 2337 fibi
583 2299 828 2354 assumpsit,
860 2314 949 2341 non
972 2300 1258 2356 tranquillum
1281 2307 1325 2340 et
1343 2299 1470 2356 quie-

92 2368 207 2408 tum,
237 2363 306 2403 sed
333 2363 624 2406 immoderate
651 2366 860 2421 agitatum
891 2377 933 2410 et
962 2368 1206 2422 fluctuans,
1246 2369 1382 2424 idque
1413 2383 1469 2410 ex

92 2428 347 2471 inordinato
365 2431 409 2472 in
432 2433 633 2475 ordinem
655 2434 867 2485 adduxit;
898 2437 985 2478 hoc
1007 2437 1126 2479 enim
1143 2437 1365 2481 iudicabat
1386 2441 1470 2480 esse

95 2498 278 2539 omnino
312 2501 612 2552 praestantius.
654 2500 717 2544 sas
753 2521 834 2547 nec
856 2505 941 2546 tuit
961 2521 1041 2548 nec
1060 2509 1116 2549 est
1136 2509 1370 2565 quicquam
1394 2506 1468 2548 nifi

94 2565 451 2622 pulcherrimum
479 2567 625 2610 facero
649 2586 749 2614 eum
774 2574 850 2628 qui
877 2575 924 2615 fit
957 2575 1166 2631 optimus.
1213 2593 1353 2634 quum
1382 2579 1468 2633 igi-

97 2640 170 2677 tur
203 2635 423 2684 rationem
449 2636 662 2689 inivisset,
705 2642 954 2700 reperiebat
980 2647 1155 2690 nullum
1178 2662 1332 2691 eorum
1355 2663 1465 2705 quae
