1657 2876
660 187 957 233 carriAs.
1405 193 1490 251 295

106 316 195 343 nox
215 300 414 358 insignite
438 301 590 358 pluvia
617 299 844 356 liquefecit
877 316 974 343 eam
1008 317 1285 360 vacuamque
1311 321 1337 347 a
1365 314 1485 349 terra

104 369 310 423 reddidit,
326 378 470 411 terrae
483 368 674 410 motibus
684 369 807 411 fimul
827 371 995 412 exortis
1015 379 1058 413 et
1070 387 1185 427 aqua
1199 381 1301 415 ante
1311 375 1485 417 eluvio-

103 453 208 480 nem
230 453 344 493 quae
365 437 648 480 Deucalionis
669 445 872 496 tempore
898 438 1044 480 suerat
1065 440 1198 482 tertio
1219 442 1272 482 ad
1293 443 1484 484 immen-

103 507 200 547 sum
228 515 370 548 aucta.
410 506 559 562 priore
590 507 728 548 altero
758 514 959 564 tempore
981 509 1286 564 magnitudine
1315 519 1409 553 erat
1427 511 1485 553 ad

102 576 352 617 >Eridanum
373 582 416 616 et
437 574 600 617 Iliffum
629 577 831 620 extensa.
862 575 1120 618 continebat
1147 578 1191 619 in
1217 579 1260 618 se
1283 579 1485 636 Pnycem

104 652 148 685 et
166 642 441 699 Lycabetum
468 649 665 684 montem
698 659 722 684 e
751 643 932 700 regione
952 645 1113 702 Pnycis
1135 645 1339 689 habebat.
1392 658 1484 689 ter-

101 727 209 755 rena
241 727 379 768 porro
415 719 508 753 erat
538 718 626 753 tota
648 718 689 752 et
706 712 856 768 paucis
886 714 1084 771 exceptis
1116 715 1248 771 plana
1277 717 1484 770 superne.

100 781 410 822 incolebantur
442 787 589 821 autem
623 781 850 822 exteriora
882 782 1002 830 loca.
1043 784 1096 824 ad
1132 783 1245 840 ipsas
1284 784 1484 840 obliquas

99 849 192 891 eius
212 855 376 904 partes,
395 847 450 889 ab
475 846 710 903 opificibus
733 855 776 888 et
797 849 999 902 agricolis
1020 850 1292 909 quicumque
1310 852 1357 894 in
1377 869 1484 910 pro..

100 918 268 975 pinquo
288 930 445 971 agrum
468 914 696 966 colebant3
715 915 872 972 supera
894 916 1147 960 bellicosum
1168 933 1309 974 genus
1332 937 1415 979 per
1438 923 1483 963 se

101 989 243 1028 solum
282 986 394 1027 circa
433 984 667 1026 Minervae
698 991 741 1025 et
771 984 960 1027 Vulcani
996 989 1210 1044 templum
1252 990 1478 1032 incolebat

101 1065 325 1111 tamquam
359 1053 490 1095 unius
521 1052 644 1095 domi
663 1052 845 1094 hortum
870 1067 960 1095 uno
990 1055 1111 1111 septo
1138 1057 1342 1100 cinctum.
1382 1060 1483 1101 loca.

97 1125 216 1165 enim
255 1124 349 1164 eius
377 1122 430 1163 ad
468 1120 722 1176 aquilonem
760 1123 973 1164 conversa
1001 1123 1277 1179 incolebant,
1325 1127 1481 1170 domos

98 1206 360 1235 communes
383 1196 426 1230 et
448 1188 735 1230 hibernacula
765 1189 1047 1232 aedificantes
1075 1194 1316 1250 omniaque
1339 1210 1480 1253 appa-

96 1268 268 1309 rantes‚
298 1272 413 1313 quae
434 1272 720 1298 communem
745 1258 926 1299 decebat
947 1259 1170 1304 civitatem
1193 1262 1360 1304 habere
1378 1264 1479 1306 illo—

96 1344 196 1371 rum
226 1325 590 1382 templorumque
616 1324 996 1370 aedificandorum
1019 1330 1170 1383 causa,
1191 1338 1367 1387 praeter
1393 1346 1478 1373 au·-

94 1412 195 1440 rum
231 1403 276 1436 et
301 1400 564 1448 argentum3
595 1391 661 1433 his
694 1392 817 1433 euim
853 1407 1074 1449 nusquam
1101 1398 1368 1450 utebantur,
1400 1400 1476 1441 sed

93 1466 139 1507 id
165 1462 285 1520 quod
317 1459 512 1502 medium
543 1461 600 1502 est
630 1459 748 1501 inter
768 1461 1023 1517 superbiam
1054 1471 1098 1505 et
1130 1465 1474 1508 illiberalitatem

94 1533 394 1576 consectantes
419 1528 634 1570 modestas
664 1527 738 1568 fibi
763 1529 1044 1572 exstruebant
1072 1531 1396 1586 habitationes,
1426 1533 1476 1576 in

93 1599 258 1659 quibus
280 1606 321 1639 et
340 1597 416 1651 ipfi
452 1603 494 1637 et
524 1597 801 1654 posterorum
823 1598 983 1653 posteri
1005 1601 1358 1643 consenescentes
1377 1601 1473 1644 aliis

92 1667 301 1712 similibus
340 1665 515 1708 easdem
549 1666 724 1720 semper
758 1665 1018 1718 tradebant3
1067 1668 1326 1711 australibus
1359 1685 1472 1713 vero

90 1737 222 1787 locis,
252 1733 392 1776 hortis
412 1741 454 1774 et
475 1731 708 1790 gymnasiis
729 1741 773 1774 et
801 1733 1105 1776 contuberniis
1123 1735 1287 1783 relictis
1308 1737 1473 1795 quippe

92 1807 274 1852 aestate,
306 1801 549 1844 utebantur
574 1801 699 1843 hunc
731 1801 784 1842 ad
806 1800 960 1845 finem.
1000 1801 1101 1845 sons
1125 1812 1220 1845 erat
1244 1819 1362 1847 unus
1391 1805 1468 1848 ubi

90 1888 214 1917 nunc
239 1886 319 1914 arx
348 1871 425 1912 fita
453 1868 531 1917 est,
562 1884 649 1925 quo
678 1869 890 1911 exstincto
930 1885 956 1912 a
984 1877 1130 1912 terrae
1158 1871 1353 1913 motibus
1379 1872 1468 1915 rivi

91 1942 168 1998 qui
189 1955 306 1983 nuuc
328 1939 496 1980 exstant
518 1936 664 1994 exigui
696 1938 979 1980 circumcirca
997 1940 1140 1982 relicti
1162 1941 1289 1993 sunt3
1318 1941 1393 1982 sed
1410 1941 1467 1984 il-

87 2012 141 2055 lis
162 2009 235 2066 qui
256 2017 361 2050 tunc
379 2006 592 2048 vixerunt
624 2005 830 2047 omnibus
845 2006 1022 2062 largum
1044 2007 1251 2064 praebuit
1275 2008 1461 2059 flumen,

88 2080 204 2120 bene
224 2083 496 2132 temperatus
523 2073 576 2115 ad
599 2073 793 2115 hiemem
816 2081 860 2117 et
881 2076 1098 2119 aestatem.
1130 2076 1214 2119 hac
1240 2076 1378 2133 igitur
1392 2093 1461 2121 ra-

88 2147 212 2189 tione
229 2144 464 2189 vivebant,
500 2141 663 2184 civium
686 2141 864 2198 quidem
892 2143 1078 2187 suorum
1109 2146 1329 2199 custodes,
1360 2146 1462 2189 reli-

87 2227 284 2272 quorum
315 2226 425 2253 vero
446 2212 716 2253 Graecorum
739 2212 872 2253 duces
898 2212 1171 2265 volentium,
1199 2213 1334 2271 idque
1360 2216 1462 2273 spe-

88 2290 257 2327 ctantes
282 2288 330 2321 ut
348 2295 481 2337 quam
502 2280 697 2321 maxime
714 2280 869 2323 eadem
893 2282 1067 2338 semper
1095 2281 1336 2325 multitudo
1359 2287 1461 2326 effet

87 2349 294 2391 virorum
318 2355 359 2388 et
379 2349 648 2401 mulierum,
678 2349 732 2391 ad
760 2349 930 2393 bellum
953 2351 1197 2407 gerendum
1227 2367 1349 2395 nunc
1373 2353 1458 2396 ad·-

86 2417 177 2461 huc
198 2417 381 2472 idonea,
410 2416 569 2473 viginti
583 2417 779 2462 millium
808 2432 1054 2463 numerum
1077 2419 1314 2474 excedens.
