1657 2876
617 146 954 195 TIMAEUS.
1395 154 1476 198 155

90 264 136 307 in
167 263 373 306 omnibus
401 262 660 305 huiusmodi
686 263 818 305 rebus
851 265 1102 306 maximum
1140 268 1198 308 est
1227 267 1470 325 negotium,

89 333 333 374 orationem
357 329 548 385 aliquam
561 334 781 388 proposito
801 331 1144 375 convenientem
1168 335 1341 389 afferre,
1358 337 1464 379 haec

86 401 215 442 nobis
243 415 319 450 res
332 399 442 440 bene
473 398 740 441 succederet.
780 399 957 454 itaque,
988 402 1366 456 quemadmodum
1397 406 1471 447 hie

86 468 220 516 dixit,
265 466 366 508 heri
394 466 535 508 statim
567 475 617 509 ut
644 468 749 509 hinc
777 467 1051 510 discesseram
1080 469 1200 511 hisce
1229 471 1302 513 illa
1334 474 1470 515 retuli

84 535 350 577 memoriam
371 550 526 577 eorum
556 544 782 593 repetens,
814 542 858 577 et
886 536 1096 592 digressus
1126 537 1182 579 ab
1210 538 1279 580 his
1315 542 1467 584 omnia

84 603 181 645 fere
199 602 420 644 meditans
442 612 577 646 noctu
599 603 853 647 retractavi.
884 603 1051 646 habent
1069 605 1283 648 nimirum
1300 640 1311 660 ,
1343 617 1394 650 ut
1417 611 1466 651 in

82 670 320 728 proverbio
350 672 430 716 est,
471 686 523 713 ea
552 687 666 728 quae
691 672 819 730 pueri
840 673 1122 731 mercipimus
1155 673 1462 719 incredibilem

81 739 305 795 quandam
326 739 696 782 recordationem.
719 755 798 794 ego
822 741 940 783 enim
971 758 1083 799 quae
1101 742 1198 785 heri
1217 745 1371 787 audivi
1390 760 1463 786 ve-

78 822 182 849 reor
213 815 264 848 ut
291 809 446 864 possim
471 808 618 850 omnia
639 810 858 850 memoria
885 812 1037 853 rursus
1058 810 1460 869 comp1·ehendere;

79 877 134 917 de
166 876 251 918 illis
286 884 436 919 autem
473 892 586 932 quae
623 877 838 933 perlongo
867 885 969 919 ante
998 887 1201 937 tempore
1233 879 1462 933 exaudivi,

79 945 260 1001 prorsus
304 944 549 987 admirarer
579 946 605 986 fi
649 944 752 1001 quid
786 959 943 987 eorum
989 947 1099 989 mihi
1140 948 1375 991 excidiffet.
1411 963 1461 990 ac

79 1028 238 1069 magna
267 1028 369 1055 cum
401 1014 632 1072 voluptate
664 1027 802 1068 eaque
835 1014 993 1069 puerili
1025 1023 1132 1057 tunc
1169 1016 1319 1058 audita
1346 1017 1460 1067 sunt,

77 1083 244 1137 quippe
276 1083 378 1122 sene
405 1089 614 1139 prompte
641 1096 715 1122 me
744 1082 930 1123 docente
964 1090 1006 1124 et
1037 1097 1109 1124 me
1140 1084 1458 1140 saepenumero

75 1149 341 1198 sciscitante,
375 1157 426 1189 ut
453 1149 586 1190 instar
610 1149 808 1190 colorum
833 1149 1080 1192 inustorurn
1111 1151 1355 1193 indelebilis
1386 1151 1459 1207 pi-

77 1227 232 1260 cturae
257 1216 425 1259 stabilia
448 1215 559 1257 mihi
578 1217 810 1260 evaserint.
850 1227 984 1272 atque
1010 1217 1141 1258 etiam
1174 1218 1294 1260 hisce
1314 1219 1458 1260 statim

74 1286 255 1330 narravi
279 1299 410 1327 mane
432 1283 538 1325 haec
562 1283 679 1339 ipsa,
710 1292 760 1326 ut
787 1285 1044 1326 sermonum
1076 1286 1247 1343 copiam
1278 1300 1457 1327 mecum

30 1389 36 1393 .
74 1355 305 1397 haberent.
344 1367 464 1394 nunc
494 1351 651 1407 igitur,
697 1366 833 1407 quam
866 1352 922 1393 ob
954 1354 1129 1394 causam
1160 1353 1312 1395 omnia
1341 1354 1457 1395 dicta

72 1425 195 1472 sunt,
226 1428 406 1478 paratus
427 1422 522 1462 sum
552 1420 605 1462 ad
636 1420 932 1468 narrandum,
966 1420 1169 1475 Socrate,
1200 1437 1288 1464 non
1311 1422 1454 1465 solum

70 1490 324 1534 summatim
339 1522 349 1542 ,
381 1488 451 1529 sed
470 1488 530 1527 ita
551 1496 602 1529 ut
625 1488 773 1530 audivi
792 1489 971 1543 lingula.
1003 1489 1123 1530 cives
1139 1505 1247 1532 vero
1273 1498 1315 1531 et
1337 1491 1455 1532 civi-

70 1568 210 1602 tatem
239 1590 251 1610 ‚
292 1572 425 1615 quam
464 1556 563 1597 heri
601 1556 729 1597 nobis
773 1563 1004 1611 tamquam
1035 1557 1084 1598 in
1113 1557 1266 1601 sabula
1305 1560 1454 1615 perse-

71 1636 235 1684 quutus
273 1641 343 1677 es,
384 1623 703 1667 transferentes
743 1625 792 1666 in
827 1625 1062 1666 veritatem
1104 1625 1196 1667 huc
1231 1640 1454 1681 ponemus

69 1697 187 1753 quafi
234 1695 307 1736 illa
351 1694 459 1736 haec
503 1694 583 1745 fit,
636 1702 679 1734 et
701 1691 814 1733 cives
862 1707 968 1748 quos
1011 1693 1277 1748 cogitatione
1325 1708 1453 1735 com-

68 1761 337 1820 prehendisti
395 1761 490 1801 illos
541 1760 736 1803 dicemus
787 1775 915 1803 veros
956 1764 1038 1803 effe
1075 1763 1248 1803 nostros.
1284 1775 1451 1817 proge-

69 1833 234 1873 nitores
283 1830 338 1871 de
377 1829 538 1885 quibus
577 1828 832 1870 narraverit
877 1829 1109 1874 sacerdos:
1161 1828 1285 1870 omni
1315 1830 1449 1871 modo

69 1898 365 1949 convenient,
418 1912 502 1939 nec
551 1895 796 1953 pugnantia
846 1897 1083 1953 loquemur
1132 1896 1325 1938 dicente-s
1373 1912 1448 1938 eos

69 1972 152 2011 effe
177 1968 272 2010 illos
304 1965 444 2022 quiid
476 1964 690 2022 temporis
718 1963 930 2015 vixerint.
972 1964 1270 2007 communiter
1295 1972 1448 2006 autem

68 2038 350 2094 explorantes
379 2048 533 2074 omnes
562 2032 823 2074 conabimur
856 2048 938 2089 pro
964 2033 1135 2075 viribus
1167 2032 1327 2088 cuiq-ue
1366 2047 1447 2074 eo-

66 2120 167 2148 rum
191 2119 298 2161 quos
326 2101 538 2144 mandasti
559 2101 870 2143 convenientia
897 2101 1153 2144 attribuere.
1183 2100 1447 2143 confiderari

66 2174 200 2228 igitur
225 2178 422 2229 oportet,
455 2169 660 2220 Socrate,
695 2184 805 2212 num
836 2185 894 2211 ex
926 2169 1064 2211 animi
1088 2169 1305 2211 sententia
1335 2170 1445 2210 haec

67 2240 206 2282 oratio
239 2238 367 2283 nobis
397 2239 474 2292 fit,
513 2254 566 2281 an
599 2238 733 2282 aliam
766 2254 900 2294 quam
928 2253 1012 2296 pro
1044 2251 1096 2279 ea
1128 2251 1340 2293 quaerere
1363 2237 1444 2289 def

64 2307 261 2350 beamus.

179 2375 248 2416 So.
276 2375 337 2418 At
359 2390 615 2432 quamnam,
638 2376 805 2429 Critia,
824 2375 971 2432 potius
991 2391 1072 2432 pro
1095 2374 1180 2417 hae
1199 2377 1438 2422 sumamm,

65 2459 180 2500 quae
199 2445 420 2500 praesenti
442 2444 548 2486 deae
567 2445 778 2488 sacrificio
798 2452 990 2501 propter
1009 2443 1318 2499 cognationem
1342 2457 1440 2484 ma-

65 2513 186 2555 xime
207 2510 442 2554 conveniat
466 2519 521 2562 et,
543 2511 587 2552 id
612 2513 731 2567 quod
756 2513 846 2553 fine
865 2511 999 2553 dubio
1020 2526 1313 2569 permagnum
1333 2507 1439 2567 quid

66 2581 135 2630 est,
166 2596 255 2622 non
276 2580 375 2622 ficta
395 2581 442 2621 fit
463 2578 624 2631 sabula,
667 2580 739 2621 sed
760 2595 866 2621 vera
885 2581 1040 2622 oratio.
1072 2581 1297 2636 quomodo
1318 2578 1437 2620 enim

65 2655 110 2690 et
128 2649 246 2692 unde
280 2648 386 2692 alias
406 2648 704 2706 reperiemus,
731 2647 808 2691 has
841 2648 871 2690 fi
899 2649 1041 2693 miffas
1067 2647 1316 2694 faciamus?
1345 2660 1436 2688 non
