1657 2876
568 124 898 168 TIMAEUS.
1341 124 1419 167 142

46 250 208 287 natura
237 246 525 285 cernerentur
559 247 751 293 operum
772 253 863 278 non
881 236 1127 293 intelligens
1146 239 1424 296 intelligente

45 312 93 353 in
114 319 206 353 toto
228 324 387 366 genere
410 319 619 360 umquam
646 304 742 346 fore
763 305 1063 360 praestantius,
1088 308 1424 364 intelligentiam

45 387 192 421 autem
230 378 306 419 nisi
332 377 377 417 in
403 374 552 415 animo
575 373 697 414 nulla
727 372 812 413 alia
838 372 886 413 in
904 380 1063 414 natura
1082 378 1198 428 posse
1219 376 1423 431 reperiri.

45 453 180 502 atque
207 445 289 486 hac
306 441 486 498 quidem
516 441 628 483 inita
649 439 951 496 subductaque
977 440 1152 482 ratione
1171 443 1425 505 intelligen-

43 514 155 555 tiam
176 513 220 554 in
239 510 398 562 animo,
421 509 622 551 animum
644 523 752 550 vero
770 509 817 549 in
831 523 1014 565 corpore
1035 510 1304 552 concludens
1322 512 1426 552 uni-

42 583 218 623 versum
247 577 488 620 fabricatus
519 579 597 629 est,
635 585 685 618 ut
715 591 849 632 quam
882 577 1240 635 pulcherrimum
1264 584 1425 619 natura

42 650 352 706 optimumque
385 660 495 702 opus
519 644 726 687 efficeret.
788 659 923 701 quam
956 644 1013 685 ob
1043 646 1218 686 causam
1243 661 1333 687 non
1367 647 1425 688 est

43 714 345 758 cunctandum
371 713 586 771 profiteri,
613 715 642 754 fi
662 713 793 754 modo
818 713 1067 769 investigari
1086 714 1255 769 aliquid
1270 716 1424 756 conie-

41 792 167 826 ctura
185 784 349 840 potest,
391 782 512 824 hunc
535 782 756 822 mundum
771 782 939 823 animal
961 786 1043 825 effe
1065 783 1197 838 idque
1219 797 1329 824 vere
1350 782 1425 823 in·-

38 852 238 909 telligens
262 859 306 892 et
324 849 473 891 divina
493 849 778 906 providentia
802 849 1102 892 constitutum.

152 920 249 962 Hoc
270 919 404 975 posito
426 918 542 974 quod
565 917 764 972 sequitur
781 916 907 958 nobis
925 917 1162 961 dicendum
1183 921 1253 971 est,
1276 919 1329 962 ad
1343 934 1426 961 cu-

39 989 215 1031 iusnam
238 985 533 1028 animantium
550 986 879 1027 similitudinem
899 986 935 1028 is
946 986 1272 1042 quiconstruxit
1283 1002 1426 1029 mun-

39 1057 149 1098 dum
187 1055 495 1096 construxerit.
537 1070 585 1096 ac
604 1055 658 1096 de
676 1054 729 1096 iis
755 1054 935 1109 quidem
961 1070 1075 1110 quae
1095 1057 1424 1113 particularum

37 1124 172 1166 instar
194 1129 298 1162 nata
317 1124 430 1168 sunt,
458 1122 624 1163 nullius
651 1138 753 1167 eum
770 1121 1066 1164 existimemus
1094 1124 1426 1166 similitudinem

38 1194 275 1248 sequutum
301 1192 406 1238 effe3
445 1187 714 1244 imperfecto
745 1189 863 1230 enim
891 1191 1026 1232 simile
1056 1191 1170 1232 nihil
1204 1207 1424 1248 umquam

36 1259 276 1318 pulchrum
290 1257 395 1308 erit‚·
427 1256 551 1297 cuius
576 1270 687 1297 vero
704 1257 878 1311 reliqua
891 1258 1103 1299 animalia
1116 1259 1364 1314 fingulatim
1382 1266 1426 1300 et

36 1327 284 1385 generatim
300 1325 545 1382 particulae
554 1325 675 1376 sunt,
691 1325 783 1365 eius
797 1327 1000 1367 omnium
1015 1325 1286 1368 simillimum
1302 1327 1425 1368 dica-

36 1411 139 1438 mus
177 1394 400 1436 mundum
427 1397 535 1446 esse3
577 1394 726 1436 omnia
757 1393 873 1434 enirn
905 1410 1019 1450 quae
1047 1396 1223 1437 ratione
1254 1395 1427 1437 intelli-

36 1473 206 1521 guntur
225 1461 465 1503 animantia
489 1462 572 1503 hoc
590 1461 636 1503 in
658 1464 702 1502 se
723 1462 939 1512 continet,
962 1464 1066 1504 ficut
1085 1464 1208 1505 hicce
1227 1464 1424 1505 mundus

37 1547 118 1576 nos
141 1539 184 1572 et
205 1544 515 1585 quaecumque
538 1529 622 1570 alia
643 1529 888 1571 animantia
920 1529 1022 1572 ficta
1042 1533 1145 1573 sunt
1163 1533 1241 1573 sub
1263 1532 1423 1590 adspe-

40 1609 163 1643 ctum
187 1597 401 1640 cadentia.
442 1597 643 1638 omnium
676 1598 796 1638 enim
821 1613 935 1653 quae
957 1608 1106 1640 mente
1125 1600 1426 1657 comprehen-

39 1669 210 1710 duntur
241 1665 533 1723 pulcherrimi
564 1672 605 1705 et
626 1680 681 1705 ex
700 1665 821 1706 omni
849 1673 974 1722 parte
997 1668 1186 1710 absoluti
1208 1683 1348 1724 quum
1369 1669 1425 1710 si—

37 1735 280 1778 millimum
299 1748 401 1774 eum
424 1733 529 1774 deus
551 1732 727 1774 efficere
749 1735 898 1784 vellet,
919 1736 1085 1777 animal
1109 1751 1248 1778 unum
1269 1738 1422 1793 adspe-

38 1802 195 1846 ctabile
213 1832 223 1849 ,
256 1801 302 1841 in
324 1815 410 1856 quo
434 1801 586 1842 onmia
610 1801 817 1842 animalia
836 1811 995 1844 natura
1020 1805 1097 1861 ipsi
1119 1813 1301 1860 cognata
1322 1820 1424 1846 con-

38 1873 300 1920 tinerentur,
331 1868 583 1910 construxit.
628 1869 789 1910 Utrum
814 1884 920 1910 vero
943 1880 1064 1913 recte
1089 1888 1228 1914 unuin
1249 1874 1423 1915 caelum

40 1938 250 1983 diximus,
265 1952 321 1978 an
343 1937 490 1993 plures
514 1945 558 1976 et
578 1936 924 1979 innumerabiles
940 1939 1087 1981 dicere
1108 1941 1273 1983 rectius
1296 1943 1422 1987 erat?

6 2021 10 2028 ’
38 2020 205 2053 unum,
248 2004 458 2061 fiquidem
489 2004 541 2046 ad
573 2005 801 2060 exemplar
825 2005 974 2047 factus
1004 2009 1112 2061 erit3
1157 2010 1274 2065 quod
1299 2011 1421 2052 enim

39 2090 188 2118 omnes
217 2073 463 2115 animantes
493 2087 566 2114 eos
589 2073 664 2128 qui
696 2075 868 2115 ratione
890 2075 1203 2131 intelliguntur
1227 2081 1421 2136 comple-

39 2144 172 2186 ctitur
209 2142 252 2183 id
289 2155 391 2182 cum
426 2140 512 2182 alio
545 2142 788 2184 secundum
831 2159 1080 2200 numquam
1120 2147 1227 2199 erit3
1270 2150 1420 2191 rursus

41 2211 161 2253 enim
188 2210 327 2252 alium
358 2209 632 2250 animantem
654 2213 730 2265 qui
767 2211 891 2253 illum
916 2216 1162 2256 contineret
1183 2219 1263 2257 effe
1285 2232 1419 2273 opor-

38 2287 166 2330 teret,
195 2278 317 2319 cuius
340 2284 490 2333 partes
511 2280 648 2319 essent
673 2278 922 2322 animantes
942 2283 1202 2338 superiores,
1221 2299 1302 2326 nec
1326 2287 1418 2327 iam

36 2346 137 2395 illis,
166 2345 238 2385 sed
264 2344 368 2386 huic
390 2344 466 2401 qui
488 2345 862 2401 complecteretur
884 2349 968 2391 hoc
992 2351 1163 2393 caelum
1185 2354 1320 2395 fimile
1350 2356 1419 2397 ef·-

37 2413 204 2456 fectum
225 2411 386 2453 rectius
411 2413 646 2454 diceretur.
671 2424 721 2456 ut
743 2417 1081 2472 igiturmundus
1093 2420 1175 2461 hcc
1196 2421 1287 2477 ipso
1299 2425 1418 2478 quod

40 2482 152 2523 folus
174 2487 306 2534 atque
326 2494 440 2521 unus
464 2484 564 2522 esset
588 2484 732 2526 fimilis
754 2488 970 2528 exsisteret
990 2488 1187 2542 perfecto
1210 2493 1418 2534 animan-

38 2549 90 2599 ti,
117 2549 276 2590 icen-vo
297 2562 442 2602 neque
464 2549 573 2590 duos
594 2566 738 2606 neque
762 2554 1107 2598 innumerabiles
1134 2558 1259 2600 finxit
1283 2565 1316 2602 is
1340 2561 1415 2616 qui

39 2616 173 2662 finxit
196 2616 397 2665 mundos,
425 2616 496 2658 sed
523 2618 749 2673 singularis
765 2621 839 2663 ln'c
859 2630 992 2680 atque
1012 2626 1202 2683 unigena
1221 2631 1415 2670 mundus
