1657 2876
585 111 932 167 TIMAEUS,
1371 120 1450 178 147

60 230 344 280 venientem,
386 241 488 270 eum
520 224 596 280 qui
628 240 745 267 unus
769 241 824 268 ex
844 228 1009 284 septem
1031 233 1227 277 motibus
1249 236 1306 279 ad
1327 251 1449 279 men.

58 307 152 342 tem
195 307 324 354 atque
359 293 691 349 intelligentiam
735 294 936 337 maxime
969 297 1198 352 spectaret.
1240 306 1448 358 quocirca

59 383 198 425 quum
218 363 458 421 aequaliter
480 361 526 402 in
547 361 700 403 eodem
729 362 960 419 ipsumque
981 365 1026 406 in
1052 367 1093 406 se
1112 368 1446 416 circumtulisset

58 435 206 477 effecit
238 442 289 476 ut
314 434 359 474 in
391 430 545 472 orbem
578 439 838 472 moveretur
867 431 908 472 se
930 439 1162 488 torquens,
1194 437 1269 479 sex
1293 449 1444 484 antem

57 519 211 546 omnes
240 509 384 544 motus
405 498 581 541 exclufit
606 500 860 555 horumque
888 500 943 541 ab
962 502 1181 544 erratione
1203 520 1302 548 euin
1324 509 1444 551 libe-

55 573 187 615 ravit.
226 569 280 612 ad
316 569 428 610 hanc
459 567 590 621 igitur
614 570 945 611 conversionem
978 584 1117 626 quum
1147 573 1330 628 pedibus
1350 594 1441 620 non

55 646 201 698 egeret
219 636 424 680 cruribus
447 643 488 676 et
512 635 696 690 pedibus
723 651 826 678 eum
847 647 1071 681 carentem
1094 644 1341 695 generavit.

166 707 293 749 Hanc
322 705 457 762 igitur
484 719 663 745 omnem
694 705 914 747 rationem
950 706 1056 749 deus
1089 710 1164 763 qui
1186 712 1363 768 semper
1381 717 1440 758 est

52 791 191 832 quum
228 773 437 816 habuiffet
457 771 525 812 dei
546 772 785 827 aliquando
806 775 968 826 futuri,
999 776 1097 817 leve
1116 785 1252 833 atque
1270 796 1438 837 aequa..

51 845 154 890 bite.
188 844 385 897 undique
409 856 433 882 a
457 840 602 882 medio
625 851 761 898 paret
784 849 924 884 totum
944 852 985 885 et
1004 844 1256 902 perfectum
1283 864 1308 890 e
1331 865 1438 905 per-

50 912 179 955 fectis
195 909 452 969 coiporibus
463 924 625 966 corpus
636 909 791 952 effecit.
804 912 1003 954 animum
1018 921 1163 955 autem
1178 914 1222 955 in
1234 916 1326 957 eius
1338 934 1438 960 me-

51 981 122 1023 dio
141 981 404 1022 collocatum
428 994 505 1032 per
524 987 670 1020 totum
697 978 882 1020 tetendit
905 990 947 1021 ct
965 989 1199 1037 praeterea
1218 986 1437 1027 extrinse-

51 1065 126 1091 cus
147 1049 441 1091 univerfitatis
461 1062 619 1102 corpus
632 1063 683 1088 eo
695 1047 994 1100 circumfudit,
1019 1051 1207 1103 atquc-*in
1221 1052 1375 1096 orbem
1390 1055 1436 1096 fe

48 1126 385 1160 convertentem
397 1116 552 1157 orbem
565 1116 735 1156 caelum
750 1130 887 1156 unum
901 1116 1040 1158 solum
1063 1132 1253 1161 vacuum
1268 1121 1436 1175 effecit,

48 1185 166 1239 quod
182 1185 328 1225 [ecum
349 1184 491 1239 ipsum
515 1191 701 1239 propter
723 1183 931 1225 virtutem
943 1183 1069 1226 facile
1093 1189 1176 1227 esse
1194 1190 1329 1243 posset
1354 1206 1436 1234 nec

50 1253 315 1295 desideraret
331 1252 539 1298 alterum,
572 1250 670 1292 satis
696 1251 769 1292 fibi
793 1253 934 1307 ipsum
954 1262 1109 1293 notum
1135 1262 1177 1294 et
1202 1254 1433 1304 familiare,

47 1323 119 1365 his
147 1322 280 1377 igitur
313 1319 521 1363 omnibus
544 1320 599 1361 de
624 1320 761 1362 caufis
797 1320 1018 1362 mundum
1039 1325 1297 1377 procreavit
1329 1326 1435 1370 bea..

46 1397 145 1432 tum
172 1390 323 1430 deum.

164 1460 374 1503 Animum
398 1466 547 1501 autem
569 1474 659 1500 non
673 1489 684 1509 ‚
716 1467 766 1502 ut
784 1474 905 1502 nunc
929 1461 1167 1516 posteriore
1189 1461 1285 1504 loco
1306 1463 1360 1505 de
1381 1480 1433 1508 eo

46 1530 310 1572 instituimus
337 1528 507 1578 dicere,
548 1527 608 1568 ita
639 1526 770 1568 etiam
802 1526 1082 1569 machinatus
1126 1531 1184 1571 est
1205 1533 1435 1575 recentio-

45 1614 168 1646 rem;
201 1613 289 1638 non
312 1596 430 1637 enim
456 1596 534 1649 qui
556 1611 657 1637 eum
681 1595 904 1651 copulavit
928 1596 1142 1638 maiorem
1166 1599 1323 1642 fiviffet
1343 1603 1434 1644 mi-

46 1668 148 1711 nori
179 1680 356 1723 parer&
391 1664 460 1705 sed
482 1678 562 1704 nos
594 1662 948 1718 quodammodo,
980 1672 1115 1720 prout
1141 1667 1283 1707 multa
1306 1669 1434 1712 nobis

44 1737 231 1780 fortuito
250 1744 290 1776 et
306 1732 850 1782 inconsiderateincidunt,
875 1734 932 1773 ita
954 1732 1050 1773 fere
1074 1733 1206 1774 etiam
1227 1734 1429 1778 dicimus.

43 1805 118 1848 ille
133 1818 240 1844 vero
255 1810 298 1843 et
309 1809 407 1841 ortu
422 1808 465 1840 et
478 1799 640 1840 virtute
652 1800 845 1853 priorem
862 1807 905 1839 et
919 1798 1211 1853 antiquiorem
1228 1803 1433 1848 animum

44 1888 244 1929 corpore,
255 1879 300 1912 ut
323 1867 555 1911 dominum
577 1875 621 1908 et
638 1868 962 1923 imperaturum
984 1868 1231 1920 obedituro,
1243 1886 1434 1927 compo-

43 1942 129 1984 suit
159 1956 213 1982 ex
232 1940 303 1981 his
322 1946 365 1979 et
380 1938 459 1978 hac
482 1936 662 1978 ratione.
684 1951 738 1976 ex
761 1936 949 1976 materia
965 1950 1079 1989 quae
1108 1936 1345 1982 individua
1375 1943 1435 1984 cst

44 2010 306 2065 semperque
328 2005 591 2046 uniusmodi
615 2012 659 2044 et
681 2019 736 2045 ex
757 2019 808 2044 ea
829 2018 943 2058 quae
964 2004 1008 2044 in
1036 2006 1295 2062 corporibus
1316 2010 1434 2052 divi-

45 2078 128 2120 dua
151 2073 556 2133 gignitur‚te1·tium
582 2073 795 2115 materiae
814 2086 951 2126 genus
964 2072 1197 2129 utriusque
1213 2074 1256 2114 in
1282 2078 1430 2119 medio

45 2144 273 2195 conflavit,
308 2143 425 2199 quod
448 2145 549 2184 effet
579 2140 775 2182 eiusdem
810 2147 998 2182 naturae
1029 2149 1072 2182 et
1091 2142 1209 2194 quod
1229 2144 1433 2202 alterius,

43 2216 179 2269 idque
202 2214 306 2255 item
325 2212 372 2253 in
395 2211 541 2251 medio
565 2209 787 2251 constituit
803 2209 1020 2251 individui
1045 2218 1178 2264 atque
1194 2212 1288 2253 eius
1312 2216 1432 2268 quod

44 2284 89 2326 in
114 2281 372 2338 corporibus
392 2280 449 2320 est
469 2278 716 2319 dividuum.
756 2285 800 2318 et
824 2293 959 2333 quum
986 2277 1070 2318 tria
1096 2277 1205 2320 haec
1230 2280 1433 2339 sumplis..

43 2353 123 2399 set,
144 2365 275 2391 unam
300 2347 507 2390 omniain
522 2347 707 2401 speciem
726 2346 1007 2402 temperavit,
1032 2345 1212 2387 alterius
1224 2360 1431 2395 naturam

44 2417 337 2475 copulationis
367 2417 556 2458 alienam
579 2416 621 2456 vi
652 2415 925 2457 consocians.
956 2428 1064 2468 quas
1086 2415 1264 2469 quidem
1287 2433 1431 2473 quum

42 2487 361 2548 permiscuisset
393 2500 490 2526 cum
516 2484 703 2525 materia
725 2491 767 2524 et
788 2499 847 2524 ex
881 2481 1022 2524 tribus
1051 2481 1256 2526 effeciffet
1287 2502 1432 2532 unum

43 2558 193 2601 rursus
218 2564 360 2598 totum
385 2553 468 2594 hoc
491 2553 536 2593 in
559 2567 629 2593 eas
652 2567 760 2606 quas
790 2550 936 2592 decuit
960 2557 1104 2605 partes
1137 2555 1324 2609 partitus
1360 2559 1432 2607 est,

43 2640 266 2683 quamque
297 2639 353 2667 ex
386 2622 541 2665 eodem
574 2627 615 2662 et
652 2620 790 2662 altero
828 2626 871 2661 et
900 2618 1086 2663 materia
1116 2627 1431 2680 temperatam.

1057 2687 1154 2731 Ke
