1657 2876
632 98 928 145 POLITIA
965 100 1050 144 IX.
1481 105 1536 149 25

151 217 230 258 effe
242 214 438 257 maxime
454 211 626 267 regium
641 212 925 270 sequeipsum
938 223 1180 268 regentem,
1198 219 1432 274 peffimum
1448 234 1534 261 ve-

147 299 202 326 ro
234 293 278 325 et
298 279 620 324 iniustisfimum
644 280 726 321 esse
756 282 1076 329 miserrimum,
1109 292 1154 325 et
1181 285 1300 329 hunc
1322 287 1403 328 effe
1427 303 1532 330 eum

147 352 240 408 qui,
270 364 405 405 quum
437 347 632 389 maxime
654 350 916 404 tyrannicus
942 351 1059 399 estet,
1091 353 1194 392 etse
1224 354 1447 411 ipsamet
1465 354 1533 396 ci-

144 420 330 461 vitatem
354 416 592 473 tyrannide
612 417 929 472 opprimeret?
958 419 1290 465 Renunciatum
1313 439 1337 464 a
1362 430 1408 464 te
1429 423 1531 474 esto,

142 486 308 541 inquit.v
360 484 479 527 Num
511 485 671 527 addam
694 487 956 543 praeconio,
1000 489 1090 531 five
1118 489 1293 545 fugeret
1322 506 1394 532 eos
1421 491 1530 532 tales

146 555 228 596 effe
251 554 340 594 five
362 569 453 595 non
471 553 649 612 fuge-ret
680 570 834 598 omnes
860 564 902 598 et
922 556 1126 600 homines
1158 566 1201 601 et
1225 558 1360 600 deos?
1391 559 1531 613 Adde,

140 624 304 680 inquit.

256 694 350 734 lam
374 691 483 733 haec
505 691 700 747 quidem,
729 692 953 749 inquam,¹
970 708 1063 736 una
1085 694 1213 737 nobis
1233 695 1316 738 erit
1338 696 1530 737 demon-

142 761 315 812 strati03
356 760 595 802 secundam
618 775 721 802 vero
746 770 922 818 oportet
946 762 1082 816 hanc,
1117 765 1147 805 s1
1170 764 1398 812 videatur,
1433 765 1527 805 effe.

142 828 413 886 Quaenam?
446 828 699 886 Quoniam,
731 831 1108 886 quemadmodum
1128 831 1300 885 civitas,
1329 832 1529 887 inquam,

141 897 280 939 divisa
313 897 368 937 est
397 897 443 938 in
466 905 553 939 tres
574 897 759 953 specics,
792 899 855 940 ita
888 899 1022 942 etiam
1048 900 1223 943 animus
1244 898 1530 943 uniuscuius-

142 979 230 1021 que
252 964 497 1020 tripertito,
526 965 724 1022 recipiet,
757 974 807 1007 ut
826 966 935 1009 mihi
962 967 1158 1022 videtur,
1191 970 1326 1011 aliam
1350 982 1527 1026 quoque

142 1034 573 1076 demonstrationem.
652 1034 909 1091 Quamnam
946 1036 1131 1078 autem?
1185 1037 1326 1081 Hanc.
1386 1052 1530 1092 quum

140 1108 231 1143 ires
251 1102 336 1142 fint
356 1101 544 1157 species,
577 1110 664 1143 tres
686 1117 865 1159 quoque
894 1105 1149 1160 voluptates
1181 1105 1291 1148 mihi
1318 1106 1530 1152 videntur

140 1171 239 1222 effe,
269 1169 624 1229 uniuscuiusque
646 1185 737 1211 una
760 1172 954 1227 propria,
986 1171 1471 1231 itemquessupiditates
1487 1182 1532 1216 et

139 1238 345 1296 imperia.
408 1238 652 1296 Quomodo
675 1237 815 1280 dicis?
848 1239 1004 1295 iuquit.
1054 1241 1163 1282 -Una
1185 1241 1390 1297 quidem,
1424 1239 1530 1282 dici-

140 1323 266 1362 mus,
297 1315 395 1350 erat
424 1322 473 1348 ea
501 1322 587 1362 qua
610 1307 832 1363 cognoscit
850 1307 1010 1361 homo,
1043 1310 1189 1357 altera.
1204 1324 1291 1368 qua
1309 1309 1530 1362 irascitur,

140 1378 320 1420 tertiam
358 1391 467 1423 vcro
503 1383 690 1432 propter
718 1376 978 1424 varietatem
1009 1392 1098 1419 uno
1131 1393 1221 1420 non
1249 1377 1529 1420 habebamus

112 1449 115 1453 ”
138 1445 327 1489 nomine
351 1444 582 1501 appellare
602 1444 734 1501 ipsius
755 1446 966 1503 propriO,
999 1454 1041 1488 at
1063 1447 1181 1503 quod
1206 1447 1459 1489 maximum
1478 1459 1532 1487 ac

140 1513 463 1556 validisfimum
489 1513 538 1554 in
567 1513 609 1553 fe
634 1512 852 1565 habebat,
893 1529 951 1555 ex
982 1530 1033 1556 eo
1063 1516 1434 1566 nomi11aban1us3
1474 1513 1530 1555 ad

141 1581 406 1639 cupiditates
425 1580 543 1620 enim
568 1582 834 1636 propensam
859 1597 957 1624 eam
981 1582 1238 1626 dicebamus
1250 1591 1434 1641 propter
1450 1598 1531 1624 ve-

141 1648 417 1693 hementiam
448 1648 742 1704 cupiditatum
772 1649 855 1691 cibi
886 1658 930 1691 et
962 1652 1154 1708 potionis
1187 1660 1231 1693 et
1252 1658 1406 1693 rerum
1434 1651 1531 1694 Ve-

140 1731 382 1761 nerearum
403 1723 447 1756 et
464 1730 774 1771 quaecumque
785 1717 896 1759 aliae
916 1733 1017 1759 cum
1043 1719 1111 1760 his
1138 1719 1405 1761 coniunctae
1417 1718 1531 1770 sunt,

139 1793 276 1841 atquc
302 1783 431 1825 etiam
459 1783 673 1840 pecuniae
703 1783 906 1835 avidam,
939 1784 1043 1840 quia
1064 1799 1148 1841 per
1168 1787 1406 1842 pecuniam
1424 1802 1532 1829 ma·-

139 1853 264 1896 xime
284 1852 529 1909 explentur
548 1851 766 1893 eiusmodi
792 1851 1066 1909 cupiditates.
1109 1853 1171 1895 Ac.
1189 1854 1528 1910 rectequidem,

139 1920 298 1978 iuquit.
355 1919 514 1964 Nonne
548 1919 683 1962 etiam
726 1921 1007 1978 voluptatem
1043 1929 1087 1962 et
1119 1936 1319 1964 amoram
1353 1922 1470 1973 lucri
1498 1922 1531 1963 fi

141 2006 238 2033 eam
262 1990 459 2031 dicamus
481 1988 588 2042 effe,
628 1989 826 2031 maxime
853 1989 903 2031 in
924 2004 1023 2032 una,
1038 1990 1211 2031 summa
1232 1991 1404 2041 nitatur
1423 2006 1531 2043 ora-

140 2060 203 2102 tio
224 2059 382 2110 nostra,
421 2057 485 2099 ita
517 2065 567 2098 ut
595 2057 719 2100 nobis
747 2056 850 2113 ipsis
870 2057 1031 2113 aliquid
1061 2057 1354 2109 ‹tectaremus‚
1386 2073 1529 2113 quum

140 2130 258 2172 hanc
289 2126 427 2170 animi
457 2131 634 2181 partem
667 2126 1007 2169 memoremus?
1052 2133 1096 2166 et
1124 2127 1400 2182 appeliantes
1430 2143 1528 2170 eam

141 2198 361 2252 pecuniae
387 2203 431 2237 et
452 2193 563 2236 lucri
588 2193 793 2249 cupidam
828 2202 1008 2243 rectene
1029 2193 1386 2251 appellabimus?
1415 2195 1530 2244 Mihi

143 2256 259 2309 certe
295 2266 485 2308 videtur.
546 2261 669 2319 Quid
700 2261 843 2304 vero?
882 2262 1146 2305 iracundam
1185 2262 1323 2308 animi
1352 2271 1528 2320 partem

142 2350 293 2378 noune
322 2332 565 2391 imperium
598 2330 785 2373 dicimus
807 2338 849 2371 et
888 2331 1125 2372 victoriam
1146 2340 1189 2373 et
1205 2330 1384 2378 laudem
1408 2333 1528 2373 sem-

141 2417 225 2460 per
256 2410 393 2444 totam
414 2400 658 2456 appetere?
690 2397 807 2441 Sane
841 2398 1037 2454 quidem.
1099 2398 1322 2456 Quocirca
1350 2400 1379 2439 fi
1412 2415 1524 2440 cou-

141 2469 354 2512 tentiouis
390 2484 487 2510 eam
523 2476 566 2509 et
597 2467 780 2509 honoris
809 2467 1015 2523 cupidam
1048 2466 1313 2519 dbia-imm,
1343 2476 1525 2510 rectene

142 2536 381 2580 habuerit?
428 2537 677 2579 Rectissime
711 2551 832 2577 vero,
893 2537 951 2577 At
979 2549 1084 2578 vero
1118 2550 1216 2578 eam
1240 2550 1327 2593 qua
1355 2548 1522 2589 cogno-

144 2606 304 2649 seimus
332 2605 516 2663 quilibet
546 2604 668 2648 videt
694 2604 751 2646 ad
783 2603 1019 2646 veritatem
1051 2603 1278 2661 quomodo
1299 2604 1341 2645 se
1359 2603 1522 2646 habeat
