1657 2876
607 153 931 200 TIMAEUS.
1387 156 1467 200 165

89 287 178 330 que
205 275 539 314 convertentem
568 282 659 309 non
692 267 816 326 prius
843 269 1070 313 malorum
1100 271 1345 315 terminum
1383 271 1467 313 effe

85 340 418 396 adspecturum,
462 350 594 391 quam
628 336 826 378 eiusdem
856 344 899 378 et
918 336 1067 378 fimitis
1091 339 1327 382 circuitum
1351 339 1398 381 in
1425 339 1468 380 se

88 408 180 464 ipse
209 404 625 461 sequutus'copiam
650 404 880 461 ingentem
913 405 1138 461 seriusque
1165 408 1373 449 adnatam
1409 421 1468 449 ex

86 475 220 531 igne,
252 486 384 528 aqua,
416 471 522 513 ae‘re
552 480 686 529 atque
719 481 863 526 terra,
894 473 1198 516 turbulentam
1220 484 1263 516 et
1284 474 1469 516 rationis

89 549 333 599 expertem,
365 540 536 581 ratione
563 541 799 598 superaffet
819 551 862 585 et
891 543 945 586 ad
970 544 1101 596 primi
1122 543 1366 601 optimique
1386 544 1470 584 ha-

87 613 206 653 bitus
232 608 420 664 ‘speciem
454 609 727 664 pervenisset.
790 610 918 668 Quae
943 611 1124 667 quidem
1148 610 1299 654 omnia
1331 624 1470 667 quum

88 679 148 720 eis
168 677 447 732 designasset,
487 691 544 717 ne
573 678 768 733 posterae
791 679 1009 736 cuiusque
1041 680 1268 737 pravitatis
1290 680 1470 735 culpam

86 746 337 795 sustineret,
370 743 480 786 alios
499 745 652 799 sparfit
672 745 716 787 in
739 755 905 791 terram
921 782 932 801 ‚
963 749 1070 792 alios
1092 750 1138 791 in
1164 751 1333 799 lunam,
1366 747 1472 787 alios

84 816 130 857 in
152 814 323 869 reliqua
343 820 564 868 quotquot
582 813 684 854 sunt
714 817 928 876 temporis
950 818 1251 861 instrumenta.
1285 816 1376 874 post
1400 816 1472 856 sa-

84 886 253 926 tionem
290 889 439 923 autem
471 881 792 926 recentioribus
829 887 1066 928 mandavit
1093 886 1172 928 diis
1201 894 1254 927 ut
1286 896 1473 941 corpora

87 952 351 1007 effingerent
382 950 585 991 mortalia
601 981 612 1002 ‚
666 961 975 1010 quantumque
1014 955 1116 997 effet
1150 955 1374 1012 reliquum
1418 965 1474 992 ex

86 1020 236 1062 animo
259 1018 460 1061 humano
489 1019 606 1074 quod
633 1019 812 1062 deberet
845 1017 1055 1065 accedere
1080 1023 1125 1065 id
1145 1024 1386 1077 omniaque
1404 1019 1473 1062 his

86 1087 402 1143 consequentia
434 1086 705 1130 conficerent
737 1098 871 1144 atque
891 1101 1120 1146 regerent,
1154 1100 1198 1134 et
1217 1106 1349 1149 quam
1370 1089 1474 1146 pos-

86 1158 182 1198 sent
214 1155 521 1212 pulcherrime
554 1164 599 1197 et
629 1157 796 1213 optime
829 1160 1020 1201 mortale
1045 1161 1351 1214 gubernarent
1377 1155 1476 1198 ani-

84 1226 189 1276 mal,
222 1223 301 1266 nifi
325 1230 541 1278 quatenus
567 1224 641 1265 sua
666 1224 810 1280 ipsum
833 1227 963 1283 culpa
985 1229 1104 1269 mala
1125 1228 1199 1269 fibi
1221 1232 1475 1283 quaereret.

198 1292 346 1348 Atque
366 1290 404 1332 is
426 1291 608 1346 quidem
639 1293 715 1349 qui
743 1301 904 1336 cuncta
928 1294 1036 1335 haec
1055 1296 1306 1351 composuit
1327 1295 1373 1336 in
1404 1295 1476 1335 so-

84 1361 167 1405 lito
187 1362 263 1403 suo
286 1359 495 1402 manebat
518 1361 649 1411 statu,
690 1361 777 1403 hoc
808 1369 960 1404 autem
981 1371 1194 1404 manente
1215 1364 1270 1405 ab
1292 1378 1343 1404 eo
1365 1377 1478 1419 pro-

88 1429 246 1481 creati,
281 1443 418 1485 quum
449 1431 647 1488 parentis
674 1431 877 1473 ordinem
912 1431 1234 1487 cognovissent,
1264 1432 1387 1473 hun-c
1407 1430 1478 1470 se-

88 1497 356 1556 quebantur.
396 1498 549 1556 itaque
579 1514 715 1555 quum
737 1500 998 1557 accepiffent
1027 1499 1283 1543 immortale
1302 1497 1479 1554 princi-

86 1568 213 1626 pium
237 1567 433 1610 mortalis
457 1567 709 1620 animantis,
738 1568 965 1610 imitantes
987 1567 1242 1612 effectorem
1264 1567 1346 1619 sui,
1376 1581 1477 1623 par-

88 1635 246 1678 ticulas
257 1634 370 1689 ignis
383 1643 425 1676 et
440 1645 586 1678 terrae
599 1644 643 1677 et
653 1650 795 1693 aquae
808 1644 850 1677 et
861 1637 973 1678 aiod-is
987 1651 1012 1677 a
1024 1637 1194 1679 mundo
1207 1651 1314 1692 quas
1323 1635 1478 1676 rursus

87 1704 332 1748 redderent
352 1705 675 1746 mutuabantur
699 1718 861 1759 easque
884 1704 1001 1745 inter
1027 1704 1069 1744 se
1100 1702 1479 1760 conglutinabant,

86 1770 209 1815 haud
232 1771 609 1813 indissolubilibus
634 1772 794 1827 quibus
815 1772 894 1828 ipfi
917 1780 1043 1813 erant
1064 1770 1256 1828 colligati
1277 1768 1481 1821 vinculis,

87 1839 159 1881 sed
194 1838 355 1880 talibus
385 1853 500 1894 quae
522 1839 645 1881 cerni
676 1854 767 1880 non
789 1842 958 1896 possent
985 1849 1173 1897 propter
1193 1838 1477 1897 parvitatem,

89 1907 256 1951 crebris
272 1907 467 1949 cuneolis
481 1907 543 1950 ita
558 1907 800 1949 conflantes
818 1916 868 1949 ut
881 1921 1022 1949 unum
1040 1923 1094 1950 ex
1116 1906 1323 1950 omnibus
1336 1904 1479 1959 quod-

87 1991 174 2033 que
195 1989 357 2032 corpus
368 1974 605 2022 efficerent,
618 1975 883 2019 immortalis
896 1976 1034 2018 animi
1053 1974 1302 2019 ambitusin
1317 1987 1481 2029 corpus

87 2044 316 2099 illigabant
329 2043 768 2088 rebusinfluentibus
790 2052 835 2086 et
850 2044 1135 2088 effluentibus
1154 2044 1385 2101 agitatum.
1414 2040 1482 2082 illi

87 2128 199 2155 vero
224 2113 272 2154 in
296 2111 465 2153 flumen
488 2112 679 2154 immerfi
700 2127 911 2169 magnum
938 2128 1087 2170 neque
1109 2111 1378 2170 superabant
1397 2124 1482 2150 ne-

90 2195 192 2235 quev
211 2179 564 2237 superabantur,
604 2181 673 2222 sed
709 2182 756 2223 vi
785 2197 949 2237 magna
976 2189 1074 2222 tum
1095 2181 1358 2223 ferebantur
1382 2185 1480 2220 tum

89 2248 318 2290 serebant:
349 2249 409 2290 ita
433 2256 576 2291 totum
601 2250 766 2292 animal
787 2249 1173 2292 movebaturillud
1195 2247 1388 2305 quidem,
1407 2245 1481 2287 sed

92 2316 392 2358 immoderate
425 2331 709 2374 quocumque
750 2317 844 2360 fors
874 2317 1046 2360 ferebat
1085 2327 1128 2360 et
1165 2319 1253 2360 fine
1292 2316 1478 2363 ratione,

93 2399 251 2426 omnes
274 2386 351 2426 sex
379 2393 527 2428 motus
548 2386 744 2440 haben33
775 2402 879 2429 nam
902 2394 944 2426 et
965 2394 1066 2428 ante
1087 2394 1130 2428 et
1148 2401 1280 2444 pone,
1305 2385 1357 2426 ad
1381 2384 1480 2425 dex-

92 2451 208 2494 tram
223 2452 327 2494 etad
340 2453 526 2502 laevam,
548 2463 590 2496 et
603 2457 777 2498 sursum
791 2464 834 2497 et
845 2455 1052 2497 deorsum
1065 2453 1362 2511 omnesquein
1375 2468 1481 2510 par-

93 2529 158 2563 tes
184 2523 257 2562 sex
281 2519 365 2562 iltis
390 2521 532 2563 modis
553 2524 758 2579 vagantia
779 2523 1096 2581 procedebant.
1140 2522 1344 2581 quamvis
1364 2520 1483 2562 enim

94 2590 246 2646 largus
270 2591 370 2632 effet
390 2589 549 2632 fluctus
570 2591 794 2636 ,inundans
817 2599 858 2634 ct
881 2591 1086 2647 effluens,
1117 2592 1191 2649 qui
1215 2591 1483 2636 alimentum
