1657 2876
589 148 922 192 TIMAEUS.
1355 164 1435 207 191

59 269 131 312 dia
156 269 257 311 sunt
277 274 453 317 ortum3
484 270 579 304 tum
613 260 730 302 enim
755 260 869 302 nulli
889 263 1185 306 concedemus
1203 264 1439 322 pulchrio-

58 354 106 382 ra
131 338 196 379 his
217 349 405 394 corpora
426 329 633 388 conspici,
648 329 890 370 secundum
907 333 1266 386 unumquodque
1284 346 1439 387 genus.

61 407 314 447 conandum
339 401 472 456 igitur
492 405 702 455 quattuor
712 411 954 454 corporum
976 411 1140 452 genera
1161 400 1214 439 ad
1234 400 1443 456 pulchri-

59 473 262 516 tudinem
286 469 464 524 insignia
488 481 754 523 componere
775 473 816 507 et
835 464 1059 508 affirmare
1078 467 1241 510 horum
1263 484 1342 510 nos
1356 483 1442 509 na·-

60 550 208 584 turam
231 538 330 580 satis
362 537 637 593 perspectam
658 533 836 576 habere.
877 550 901 575 e
934 534 1105 576 duobus
1136 535 1272 590 igitur
1295 537 1442 577 trian-

59 609 172 666 gulis
195 607 314 662 quod
338 604 540 661 aequalia
561 617 693 644 crura
713 602 847 644 habet
866 618 1002 645 unam
1025 605 1196 662 accepit
1216 612 1444 656 naturam,

61 677 303 730 onlongum
325 681 476 714 autem
498 670 858 714 innumerabiles.
888 671 1140 727 eligendum
1165 687 1271 713 vero
1298 686 1353 713 ex
1368 671 1444 712 in·-

58 742 195 788 finitis
234 740 612 800 pulcherrimum,
661 740 687 778 fi
728 741 811 781 rite
840 739 979 782 ordiri
1016 741 1241 782 volumus.
1290 738 1443 794 quodsi

60 811 159 868 quis
181 809 345 868 poterit
370 806 601 865 pulchrius
615 807 775 863 eligere
795 815 838 848 et
857 808 1066 864 proferre
1084 809 1139 851 ad
1158 809 1267 851 haec
1281 806 1446 848 consti-

60 879 243 931 tuenda,
264 893 354 920 non
374 875 598 926 inimicus,
621 875 691 916 sed
712 875 879 917 amicus
899 877 1058 920 vincet.
1078 878 1289 934 ponimus
1307 875 1445 931 igitur

60 949 312 991 multorum
349 944 530 986 illorum
556 943 881 997 triangulorum
907 946 1266 1003 pulcherrimum
1286 958 1444 994 unum,

60 1014 374 1074 praetermissis
396 1011 599 1068 reliquis,
631 1027 655 1052 e
686 1026 773 1067 quo
796 1014 1066 1069 triangulum
1088 1014 1289 1070 aequalia
1307 1014 1448 1054 latera.

60 1084 230 1126 habens
260 1082 446 1124 tertium
476 1080 767 1135 compositum
801 1083 871 1123 est.
913 1097 993 1122 cur
1021 1090 1168 1124 autem
1197 1083 1281 1123 hoc
1298 1081 1361 1122 ita
1381 1081 1443 1130 fir,

61 1151 275 1194 sermonis
306 1147 520 1203 longioris
543 1147 706 1200 fuerit3
737 1156 782 1190 at
812 1149 886 1203 qui
907 1150 991 1191 hoc
1011 1149 1293 1205 redarguerit
1320 1163 1448 1190 rem-

61 1235 148 1276 que
173 1234 263 1261 non
285 1218 344 1259 ita
364 1218 406 1256 {e
426 1215 594 1256 habere
613 1216 833 1272 repererit
861 1217 901 1257 ei
926 1218 1146 1275 proposita
1172 1219 1275 1258 sunt
1302 1215 1448 1258 amica

60 1287 274 1345 praemia.
309 1286 447 1325 electa
467 1284 603 1337 igitur
623 1285 754 1324 sunto
776 1284 865 1325 duo
886 1285 1095 1340 hingala,
1128 1283 1320 1340 equibus
1333 1283 1448 1339 ignis

61 1356 436 1410 reliquorumque
458 1365 649 1408 corpora
672 1351 825 1394 effecta
847 1354 940 1402 fint,
956 1368 1099 1395 unum
1121 1351 1324 1407 aequalia
1340 1366 1449 1393 cru-

62 1440 114 1466 ra
143 1422 331 1473 habens,
373 1422 568 1462 alterum
601 1420 720 1475 quod
750 1421 923 1477 longius
953 1423 1068 1464 latus
1092 1421 1296 1479 potenti&
1334 1435 1450 1476 quae

65 1492 229 1533 dicitur
249 1489 424 1532 minore
444 1489 578 1544 triplo
601 1489 775 1545 semper
794 1490 936 1532 maius
958 1490 1106 1532 habet.
1155 1489 1274 1547 quod
1296 1496 1450 1531 autem

65 1568 170 1602 ante
190 1559 369 1600 obscure
391 1557 747 1612 significavimus,
777 1558 822 1600 id
844 1573 961 1601 nunc
977 1559 1117 1614 magis
1129 1558 1446 1600 definiendum.

66 1627 231 1670 etenim
265 1634 474 1683 quattuor
507 1640 668 1680 genera
700 1641 776 1681 per
808 1628 850 1667 se
880 1635 924 1668 et
955 1627 1072 1668 inter
1102 1629 1146 1667 se
1176 1626 1450 1668 videbantur

66 1697 218 1739 omnia
241 1703 390 1736 ortum
416 1695 597 1745 habere,
627 1710 721 1737 non
743 1702 860 1737 recte
888 1695 949 1736 ita
969 1695 1094 1736 nobis
1111 1693 1213 1737 visa.
1246 1695 1451 1736 exfistunt

66 1764 187 1806 enim
208 1779 231 1804 e
256 1762 484 1818 triangulis
518 1776 631 1818 quae
662 1763 872 1817 elegimus
896 1777 1060 1818 genera
1089 1769 1323 1818 quattuor,
1362 1761 1450 1804 tria

68 1849 126 1876 ex
161 1846 252 1873 uno
285 1831 400 1886 quod
435 1832 576 1873 latera
609 1829 859 1886 inaequalia
894 1831 1050 1885 habet,
1095 1837 1302 1886 quartum
1335 1843 1449 1871 vero

65 1914 210 1944 unum
230 1900 371 1941 solum
395 1914 417 1939 e
435 1899 660 1954 triangulo
677 1899 877 1954 aequalia
900 1915 1031 1942 crura
1047 1899 1237 1941 habente
1258 1913 1450 1957 compo-

69 1971 211 2011 fitum.
242 1982 525 2023 nequaquam
548 1967 686 2021 igitur
711 1969 889 2024 poffunt
916 1968 1068 2009 omnia
1087 1969 1204 2009 inter
1223 1967 1267 2007 se
1288 1966 1451 2009 dissol-

68 2038 115 2079 vi
146 2044 191 2079 et
219 2051 243 2077 e
271 2037 422 2077 multis
451 2036 604 2092 parvis
633 2050 771 2091 pauca
801 2050 963 2091 magna
993 2043 1035 2076 et
1063 2042 1217 2077 contra
1238 2036 1450 2084 exfistere‚

68 2106 152 2148 tria
184 2112 334 2147 autem
372 2103 479 2146 oriri
510 2108 711 2161 pofl'unt3
750 2119 804 2144 ex
834 2118 923 2145 uno
954 2104 1075 2145 enirn
1105 2103 1256 2146 omnia
1288 2112 1451 2145 natura

71 2176 299 2226 exsistunt,
338 2173 583 2228 solutisque
613 2172 855 2214 maioribus
883 2172 1025 2213 multa
1043 2186 1181 2227 parva
1199 2186 1258 2212 ex
1282 2171 1449 2213 eisdem

72 2249 413 2298 componentur,
433 2241 747 2284 convenientes
768 2239 846 2281 fibi
865 2239 1031 2295 figuras
1053 2238 1328 2298 accipientia,
1349 2254 1450 2281 rur·

72 2313 232 2366 susque
271 2324 408 2365 quum
444 2325 585 2367 parva
623 2309 767 2350 multa
803 2308 850 2349 in
883 2307 1104 2363 triangula
1140 2307 1294 2350 diffusa
1330 2309 1447 2359 sunt,

72 2394 190 2420 unus
224 2379 423 2419 exsistens
458 2391 674 2419 numerus
705 2378 837 2418 unius
870 2376 997 2417 molis
1026 2391 1232 2433 magnam
1254 2376 1451 2417 ab1olvet

72 2447 208 2490 aliam
236 2460 371 2486 unam
398 2444 598 2502 speciem.
647 2455 781 2502 atque
810 2445 919 2488 haec
947 2445 1127 2501 quidem
1155 2446 1269 2487 dicta
1292 2444 1372 2486 smt
1395 2445 1451 2486 de

74 2523 233 2557 mutuo
259 2527 414 2555 eorum
441 2521 554 2555 ortu.
615 2513 771 2570 Qualis
797 2521 946 2556 autem
970 2528 1170 2570 quaeque
1196 2528 1348 2555 earum
1371 2527 1451 2554 ex-

74 2583 227 2626 stiterit
248 2580 412 2639 species
436 2580 684 2637 quibusque
706 2596 730 2621 e
758 2581 955 2623 numeris
969 2582 1349 2627 concurrentibus,
1381 2581 1451 2621 se-

77 2651 230 2708 quitur
243 2650 333 2693 iam
356 2658 404 2692 ut
424 2664 716 2710 exponamus.
763 2649 941 2694 initium
970 2658 1121 2694 autem
1148 2648 1280 2693 faciet
1301 2648 1449 2706 prima
