1657 2876
622 176 962 222 TIMAEUS,
1408 183 1488 226 iffi

107 295 335 338 voluerint
375 305 558 352 parere,
601 288 692 332 eius
723 291 862 332 satum
901 298 944 332 et
977 290 1153 337 initium
1186 308 1266 351 ego
1289 295 1487 351 trudam3

107 375 308 405 ceterum
323 378 414 413 vos,
448 358 692 402 immortali
716 359 906 401 mortale
929 367 1192 410 attexeutes,
1215 365 1367 421 fingite
1388 368 1488 408 ani..

104 433 271 474 mantia
294 439 337 472 et
357 436 563 485 generate
593 427 950 483 alimentumque
973 430 1239 486 praebentes
1267 444 1424 490 augete
1444 443 1489 477 et

102 501 283 542 consum
293 505 365 553 pta
386 497 579 555 reripite.

217 567 333 608 Haec
357 568 492 618 dixit,
523 573 564 607 et
590 565 743 606 rursus
767 564 812 607 in
834 565 1032 623 priorem
1056 573 1296 616 craterem,
1329 570 1371 610 in
1393 586 1482 626 quo

100 636 288 679 univer-fi
326 634 528 676 animum
569 642 821 690 temperans
864 635 1203 692 permi'svuerat,
1245 638 1486 695 superioris

97 703 412 762 permixtionis
434 702 637 759 reliquias
656 702 819 744 infudit
842 710 1092 761 temperans
1115 720 1186 746 eas
1213 706 1370 748 eodem
1391 706 1488 749 fer-

95 788 170 816 me
195 772 346 824 modo,
365 786 511 828 neque
536 779 683 812 tamen
702 772 792 813 iam
813 772 1091 831 incorruptas
1111 773 1289 828 pariter,
1324 776 1392 815 sed
1418 777 1489 817 se-

97 841 265 884 cundas
286 850 330 882 et
349 840 511 882 tertias.
547 839 826 882 universitate
848 850 994 882 autem
1025 842 1256 884 constituta
1270 842 1488 885 fider-ibus

95 924 251 967 parem
277 923 517 950 numerum
537 907 766 949 distribuit
785 908 1042 951 animorum
1067 919 1108 951 et
1132 911 1321 967 fingulos
1341 912 1488 953 addu-

96 977 160 1019 xit
187 979 237 1017 ad
264 977 433 1032 singula
457 984 498 1016 et
522 976 757 1033 imponens
781 978 898 1032 quasi
922 979 967 1019 in
989 993 1170 1021 currum
1192 980 1379 1021 univerfi
1404 995 1486 1022 na-

97 1054 244 1088 turam
278 1045 636 1088 commonstravit
676 1045 881 1099 legesque
916 1046 976 1087 eis
1011 1046 1122 1088 dixit
1156 1047 1308 1089 fatales
1342 1050 1487 1091 osten-

95 1113 206 1155 dens
238 1123 385 1155 ortum
417 1114 614 1170 primum
647 1112 744 1156 sore
774 1116 980 1155 statutum
1003 1130 1142 1156 unum
1168 1117 1399 1162 omuibus,
1430 1133 1488 1159 ne

94 1181 191 1237 quis
222 1181 439 1223 deteriore
471 1184 574 1223 effet
601 1182 738 1232 statu,
780 1182 882 1222 satis
917 1190 1066 1224 autem
1100 1191 1144 1224 et
1177 1186 1296 1238 quali
1334 1184 1485 1240 sparsis

92 1250 256 1291 animis
284 1249 328 1291 in
355 1258 618 1306 temporum
648 1250 939 1291 instrumenta
978 1251 1140 1305 cuique
1169 1252 1484 1296 convenientia

93 1318 203 1360 oriri
236 1318 402 1360 necem:
423 1320 504 1359 effe
532 1316 829 1359 animantium
857 1317 1245 1374 religiosissimum,
1277 1327 1321 1361 et
1343 1335 1485 1376 quum

93 1387 261 1443 duple-x
292 1390 394 1429 effet
422 1384 617 1425 humana
646 1393 830 1438 natura,
874 1387 1162 1442 praestantius
1195 1385 1290 1429 fore
1323 1402 1484 1431 eorum

92 1469 232 1511 genus
269 1456 346 1509 qui
390 1452 565 1509 posthac
608 1468 778 1494 nomen
821 1453 1052 1497 inventuri
1092 1458 1226 1497 effent
1265 1456 1483 1498 virorum.

93 1539 235 1579 quum
265 1532 413 1566 autem
446 1520 706 1578 corporibus
743 1536 846 1562 cum
881 1524 1131 1564 necessitate
1163 1523 1273 1565 insui
1297 1524 1484 1578 fuerint,

91 1592 234 1633 altero
266 1590 526 1642 accedente,
566 1590 706 1630 altero
746 1589 952 1632 effluente
990 1606 1044 1633 ex
1085 1607 1242 1634 eorum
1278 1608 1483 1650 corpore,

44 1660 53 1666 ’
89 1660 295 1716 primum
331 1661 497 1700 neceffe
532 1657 627 1699 sore
668 1665 712 1698 ut
744 1658 890 1699 sensus
919 1673 1034 1700 uuus
1062 1659 1275 1701 omnibus
1299 1677 1323 1702 e
1343 1663 1484 1704 vehe-

91 1727 391 1770 mentioribus
406 1725 599 1767 motibus
616 1734 800 1768 naturae
821 1726 1084 1768 coniunctus
1103 1729 1334 1778 exfisteret,
1355 1730 1484 1773 dein-

90 1796 146 1837 de
177 1797 408 1852 voluptate
439 1803 483 1835 et
514 1795 668 1835 dolore
699 1794 866 1836 mixtus
890 1809 1043 1846 amor,
1075 1796 1165 1851 post
1185 1805 1328 1837 metus
1347 1806 1391 1839 et
1414 1797 1482 1840 ira

91 1871 137 1906 et
164 1863 321 1919 reliqui.
343 1863 481 1906 animi
507 1871 657 1905 motus
681 1864 861 1904 comites
886 1863 1166 1919 superiorum
1196 1872 1239 1906 et
1259 1864 1326 1906 his
1347 1866 1480 1908 etiam

90 1935 311 1974 contrarie
333 1931 607 1982 dissidentes,
641 1947 747 1986 quos
771 1931 845 1986 qui
868 1931 1038 1973 ratione
1062 1933 1248 1984 rexerit,
1281 1949 1382 1975 eum
1403 1935 1482 1977 iun

88 2001 148 2043 ste
175 2003 256 2042 effe
283 2000 527 2047 victurum,
561 2001 638 2056 qui
660 2008 810 2042 autem
834 1999 900 2041 his
922 2001 965 2041 se
987 2000 1171 2052 dederit,
1204 2001 1375 2046 iniuste.
1407 2010 1480 2044 at-

89 2084 173 2124 que
196 2083 298 2109 eum
322 2069 397 2124 qui
419 2077 538 2111 recte
561 2077 604 2109 et
634 2069 809 2110 honeste
844 2068 1114 2112 eun-iculum
1144 2069 1320 2111 vivendi
1347 2085 1371 2111 a
1401 2085 1479 2112 na-

88 2145 192 2179 tura
225 2138 378 2179 datum
410 2137 679 2188 confecisset,
724 2137 875 2177 rursus
911 2137 953 2177 in
993 2137 1090 2180 astri
1121 2153 1311 2194 quocum
1347 2145 1477 2195 aptus

88 2204 224 2247 fuerit
245 2205 519 2249 domicilium
545 2206 790 2263 profectum
804 2205 939 2247 vitam
964 2210 1045 2249 effe
1058 2207 1233 2248 beatam
1250 2214 1474 2260 acturum,

90 2273 145 2314 ab
169 2273 251 2315 hoc
283 2282 432 2317 autem
465 2276 543 2331 qui
567 2275 809 2316 deflexisset
838 2276 1007 2317 eumin
1039 2274 1302 2316 muliebrem
1337 2283 1476 2316 natu-

89 2356 188 2382 ram
225 2343 414 2385 secundo
447 2352 547 2384 ortu
583 2345 847 2385 translatum
869 2343 923 2385 iri
945 2351 1008 2396 et,
1040 2344 1067 2384 fi
1086 2357 1143 2383 ne
1172 2350 1269 2384 tum
1293 2342 1475 2400 quidem

87 2408 226 2452 finem
263 2411 473 2453 vitiorum
506 2411 705 2454 facturus
735 2414 858 2464 esset,
891 2419 1026 2470 prout
1053 2420 1291 2468 corruptus
1310 2411 1471 2463 sniffet,

87 2477 147 2520 ita
181 2479 233 2519 ad
270 2494 447 2520 morum
479 2479 810 2521 fimilitudiuem
847 2483 1205 2536 ingeneratoruin
1239 2481 1284 2521 in
1313 2480 1473 2521 huius-

87 2549 212 2589 modi
230 2547 406 2605 [emper
430 2547 630 2590 serarum
651 2557 860 2591 naturam
888 2548 1190 2604 migraturum
1220 2549 1326 2604 effe,
1356 2547 1470 2588 sese-

1097 2753 1188 2800 L2
