<?xml version="1.0" encoding="UTF-8"?>
<!DOCTYPE html PUBLIC "-//W3C//DTD XHTML 1.0 Transitional//EN"
    "http://www.w3.org/TR/xhtml1/DTD/xhtml1-transitional.dtd">
<html xmlns="http://www.w3.org/1999/xhtml" xml:lang="en" lang="en">
 <head>
  <title>
</title>
<meta http-equiv="Content-Type" content="text/html;charset=utf-8" />
  <meta name='ocr-system' content='tesseract 3.04.00' />
  <meta name='ocr-capabilities' content='ocr_page ocr_carea ocr_par ocr_line ocrx_word'/>
</head>
<body>
  <div class='ocr_page' id='page_1' title='image "./quaeexstantopera05plat_0081.png"; bbox 0 0 1657 2876; ppageno 0'>
   <div class='ocr_carea' id='block_1_1' title="bbox 582 120 1450 178">
    <p class='ocr_par' dir='ltr' id='par_1_1' title="bbox 582 120 1450 178">
     <span class='ocr_line' id='line_1_1' title="bbox 582 120 1450 178; baseline 0.002 -16"><span class='ocrx_word' id='word_1_1' title='bbox 582 120 876 165; x_wconf 86' lang='lat' dir='ltr'>POLlTIA</span> <span class='ocrx_word' id='word_1_2' title='bbox 922 121 976 164; x_wconf 89' lang='lat' dir='ltr'>x.</span> <span class='ocrx_word' id='word_1_3' title='bbox 1291 123 1295 125; x_wconf 49' lang='lat'><em>⁴</em></span> <span class='ocrx_word' id='word_1_4' title='bbox 1398 122 1450 178; x_wconf 84' lang='lat'>73</span> 
     </span>
    </p>
   </div>
   <div class='ocr_carea' id='block_1_2' title="bbox 72 233 1469 2679">
    <p class='ocr_par' dir='ltr' id='par_1_2' title="bbox 72 233 1462 1519">
     <span class='ocr_line' id='line_1_2' title="bbox 75 233 1452 295; baseline -0.001 -15"><span class='ocrx_word' id='word_1_5' title='bbox 75 237 195 295; x_wconf 83' lang='lat' dir='ltr'>apud</span> <span class='ocrx_word' id='word_1_6' title='bbox 226 233 583 285; x_wconf 76' lang='lat' dir='ltr'><strong>multitudinem,</strong></span> <span class='ocrx_word' id='word_1_7' title='bbox 614 233 686 274; x_wconf 89' lang='lat' dir='ltr'>sed</span> <span class='ocrx_word' id='word_1_8' title='bbox 719 233 765 275; x_wconf 87' lang='lat' dir='ltr'>in</span> <span class='ocrx_word' id='word_1_9' title='bbox 796 235 1005 290; x_wconf 84' lang='lat' dir='ltr'>querulos</span> <span class='ocrx_word' id='word_1_10' title='bbox 1034 243 1077 277; x_wconf 86' lang='lat' dir='ltr'>et</span> <span class='ocrx_word' id='word_1_11' title='bbox 1105 236 1250 280; x_wconf 81' lang='lat' dir='ltr'>varios</span> <span class='ocrx_word' id='word_1_12' title='bbox 1288 251 1452 290; x_wconf 85' lang='lat' dir='ltr'>mores,</span> 
     </span>
     <span class='ocr_line' id='line_1_3' title="bbox 76 301 1454 362; baseline 0 -15"><span class='ocrx_word' id='word_1_13' title='bbox 76 307 184 362; x_wconf 87' lang='lat' dir='ltr'>quia</span> <span class='ocrx_word' id='word_1_14' title='bbox 204 305 352 348; x_wconf 84' lang='lat' dir='ltr'><strong>faciles</strong></span> <span class='ocrx_word' id='word_1_15' title='bbox 374 302 471 342; x_wconf 86' lang='lat' dir='ltr'>sunt</span> <span class='ocrx_word' id='word_1_16' title='bbox 491 301 545 342; x_wconf 91' lang='lat' dir='ltr'>ad</span> <span class='ocrx_word' id='word_1_17' title='bbox 568 302 850 343; x_wconf 88' lang='lat' dir='ltr'>imitandum.</span> <span class='ocrx_word' id='word_1_18' title='bbox 907 301 1031 344; x_wconf 85' lang='lat' dir='ltr'>Patet</span> <span class='ocrx_word' id='word_1_19' title='bbox 1051 319 1173 347; x_wconf 83' lang='lat' dir='ltr'>vero.</span> <span class='ocrx_word' id='word_1_20' title='bbox 1211 307 1347 349; x_wconf 84' lang='lat' dir='ltr'>Recte</span> <span class='ocrx_word' id='word_1_21' title='bbox 1368 305 1454 362; x_wconf 86' lang='lat' dir='ltr'>igi-</span> 
     </span>
     <span class='ocr_line' id='line_1_4' title="bbox 76 370 1452 431; baseline -0.001 -16"><span class='ocrx_word' id='word_1_22' title='bbox 76 382 152 416; x_wconf 84' lang='lat' dir='ltr'>tur</span> <span class='ocrx_word' id='word_1_23' title='bbox 170 388 269 415; x_wconf 89' lang='lat' dir='ltr'>eum</span> <span class='ocrx_word' id='word_1_24' title='bbox 288 372 376 412; x_wconf 87' lang='lat' dir='ltr'>iam</span> <span class='ocrx_word' id='word_1_25' title='bbox 394 370 777 425; x_wconf 78' lang='lat' dir='ltr'>reprehendemus</span> <span class='ocrx_word' id='word_1_26' title='bbox 800 378 844 411; x_wconf 87' lang='lat' dir='ltr'>et</span> <span class='ocrx_word' id='word_1_27' title='bbox 861 385 916 411; x_wconf 81' lang='lat' dir='ltr'>ex</span> <span class='ocrx_word' id='word_1_28' title='bbox 935 371 1071 413; x_wconf 78' lang='lat' dir='ltr'>altera</span> <span class='ocrx_word' id='word_1_29' title='bbox 1094 382 1218 427; x_wconf 83' lang='lat' dir='ltr'>parte</span> <span class='ocrx_word' id='word_1_30' title='bbox 1239 389 1452 431; x_wconf 78' lang='lat' dir='ltr'>ponemus</span> 
     </span>
     <span class='ocr_line' id='line_1_5' title="bbox 74 438 1453 500; baseline 0 -17"><span class='ocrx_word' id='word_1_31' title='bbox 74 442 230 500; x_wconf 87' lang='lat' dir='ltr'>pictori</span> <span class='ocrx_word' id='word_1_32' title='bbox 250 439 543 496; x_wconf 80' lang='lat' dir='ltr'>respondere3</span> <span class='ocrx_word' id='word_1_33' title='bbox 575 453 677 479; x_wconf 87' lang='lat' dir='ltr'>nam</span> <span class='ocrx_word' id='word_1_34' title='bbox 700 438 747 479; x_wconf 85' lang='lat' dir='ltr'>in</span> <span class='ocrx_word' id='word_1_35' title='bbox 765 453 816 479; x_wconf 87' lang='lat' dir='ltr'>eo</span> <span class='ocrx_word' id='word_1_36' title='bbox 839 438 957 495; x_wconf 90' lang='lat' dir='ltr'>quod</span> <span class='ocrx_word' id='word_1_37' title='bbox 981 438 1084 480; x_wconf 88' lang='lat' dir='ltr'>vilia</span> <span class='ocrx_word' id='word_1_38' title='bbox 1105 439 1234 494; x_wconf 81' lang='lat' dir='ltr'>fingit</span> <span class='ocrx_word' id='word_1_39' title='bbox 1253 442 1307 483; x_wconf 82' lang='lat' dir='ltr'>ad</span> <span class='ocrx_word' id='word_1_40' title='bbox 1331 441 1453 483; x_wconf 89' lang='lat' dir='ltr'>veri-</span> 
     </span>
     <span class='ocr_line' id='line_1_6' title="bbox 76 506 1454 565; baseline 0 -13"><span class='ocrx_word' id='word_1_41' title='bbox 76 518 211 552; x_wconf 79' lang='lat' dir='ltr'>tatem</span> <span class='ocrx_word' id='word_1_42' title='bbox 234 506 381 549; x_wconf 83' lang='lat' dir='ltr'>fimitis</span> <span class='ocrx_word' id='word_1_43' title='bbox 401 508 457 547; x_wconf 87' lang='lat' dir='ltr'>est</span> <span class='ocrx_word' id='word_1_44' title='bbox 480 506 619 558; x_wconf 86' lang='lat' dir='ltr'>illius,</span> <span class='ocrx_word' id='word_1_45' title='bbox 652 514 695 547; x_wconf 83' lang='lat' dir='ltr'>et</span> <span class='ocrx_word' id='word_1_46' title='bbox 715 507 833 562; x_wconf 91' lang='lat' dir='ltr'>quod</span> <span class='ocrx_word' id='word_1_47' title='bbox 865 507 1139 549; x_wconf 83' lang='lat' dir='ltr'>consuetudo</span> <span class='ocrx_word' id='word_1_48' title='bbox 1170 509 1250 565; x_wconf 87' lang='lat' dir='ltr'>ipfi</span> <span class='ocrx_word' id='word_1_49' title='bbox 1273 513 1330 552; x_wconf 86' lang='lat' dir='ltr'>est</span> <span class='ocrx_word' id='word_1_50' title='bbox 1349 526 1454 552; x_wconf 91' lang='lat' dir='ltr'>cum</span> 
     </span>
     <span class='ocr_line' id='line_1_7' title="bbox 76 574 1455 634; baseline -0.001 -12"><span class='ocrx_word' id='word_1_51' title='bbox 76 579 215 622; x_wconf 86' lang='lat' dir='ltr'>animi</span> <span class='ocrx_word' id='word_1_52' title='bbox 233 583 358 634; x_wconf 81' lang='lat' dir='ltr'>parte</span> <span class='ocrx_word' id='word_1_53' title='bbox 382 574 582 616; x_wconf 77' lang='lat' dir='ltr'>similiter</span> <span class='ocrx_word' id='word_1_54' title='bbox 600 575 771 626; x_wconf 79' lang='lat' dir='ltr'>affecta,</span> <span class='ocrx_word' id='word_1_55' title='bbox 797 583 839 615; x_wconf 89' lang='lat' dir='ltr'>et</span> <span class='ocrx_word' id='word_1_56' title='bbox 861 589 951 617; x_wconf 86' lang='lat' dir='ltr'>non</span> <span class='ocrx_word' id='word_1_57' title='bbox 974 592 1076 618; x_wconf 78' lang='lat' dir='ltr'>cum</span> <span class='ocrx_word' id='word_1_58' title='bbox 1102 577 1289 633; x_wconf 86' lang='lat' dir='ltr'>optima,</span> <span class='ocrx_word' id='word_1_59' title='bbox 1321 580 1455 621; x_wconf 84' lang='lat' dir='ltr'>etiam</span> 
     </span>
     <span class='ocr_line' id='line_1_8' title="bbox 72 642 1455 697; baseline -0.003 -6"><span class='ocrx_word' id='word_1_60' title='bbox 72 650 122 691; x_wconf 88' lang='lat' dir='ltr'>in</span> <span class='ocrx_word' id='word_1_61' title='bbox 147 648 232 689; x_wconf 89' lang='lat' dir='ltr'>hoc</span> <span class='ocrx_word' id='word_1_62' title='bbox 254 645 346 686; x_wconf 84' lang='lat' dir='ltr'>cius</span> <span class='ocrx_word' id='word_1_63' title='bbox 368 642 517 684; x_wconf 75' lang='lat' dir='ltr'>similis</span> <span class='ocrx_word' id='word_1_64' title='bbox 534 644 614 693; x_wconf 82' lang='lat' dir='ltr'>est3</span> <span class='ocrx_word' id='word_1_65' title='bbox 645 651 687 684; x_wconf 85' lang='lat' dir='ltr'>et</span> <span class='ocrx_word' id='word_1_66' title='bbox 710 643 793 684; x_wconf 90' lang='lat' dir='ltr'>hac</span> <span class='ocrx_word' id='word_1_67' title='bbox 823 642 1005 697; x_wconf 86' lang='lat' dir='ltr'>quidem</span> <span class='ocrx_word' id='word_1_68' title='bbox 1037 645 1206 685; x_wconf 84' lang='lat' dir='ltr'>ratione</span> <span class='ocrx_word' id='word_1_69' title='bbox 1233 645 1331 686; x_wconf 85' lang='lat' dir='ltr'>iure</span> <span class='ocrx_word' id='word_1_70' title='bbox 1363 646 1455 687; x_wconf 86' lang='lat' dir='ltr'>iam</span> 
     </span>
     <span class='ocr_line' id='line_1_9' title="bbox 73 711 1456 770; baseline -0.002 -11"><span class='ocrx_word' id='word_1_71' title='bbox 73 731 163 759; x_wconf 88' lang='lat' dir='ltr'>non</span> <span class='ocrx_word' id='word_1_72' title='bbox 183 713 448 770; x_wconf 82' lang='lat' dir='ltr'><strong>recipiemus</strong></span> <span class='ocrx_word' id='word_1_73' title='bbox 468 727 570 752; x_wconf 86' lang='lat' dir='ltr'>eum</span> <span class='ocrx_word' id='word_1_74' title='bbox 595 711 771 752; x_wconf 74' lang='lat' dir='ltr'>civitate</span> <span class='ocrx_word' id='word_1_75' title='bbox 793 726 906 766; x_wconf 85' lang='lat' dir='ltr'>quae</span> <span class='ocrx_word' id='word_1_76' title='bbox 927 712 1080 754; x_wconf 67' lang='lat' dir='ltr'>{utura</span> <span class='ocrx_word' id='word_1_77' title='bbox 1095 713 1144 755; x_wconf 85' lang='lat' dir='ltr'>fit</span> <span class='ocrx_word' id='word_1_78' title='bbox 1166 713 1278 754; x_wconf 88' lang='lat' dir='ltr'>bene</span> <span class='ocrx_word' id='word_1_79' title='bbox 1295 716 1456 756; x_wconf 85' lang='lat' dir='ltr'>consti-</span> 
     </span>
     <span class='ocr_line' id='line_1_10' title="bbox 72 779 1457 839; baseline -0.001 -13"><span class='ocrx_word' id='word_1_80' title='bbox 72 792 189 835; x_wconf 82' lang='lat' dir='ltr'>tuta,</span> <span class='ocrx_word' id='word_1_81' title='bbox 223 781 433 839; x_wconf 86' lang='lat' dir='ltr'>quoniam</span> <span class='ocrx_word' id='word_1_82' title='bbox 455 780 570 820; x_wconf 82' lang='lat' dir='ltr'>hanc</span> <span class='ocrx_word' id='word_1_83' title='bbox 591 779 728 821; x_wconf 86' lang='lat' dir='ltr'>animi</span> <span class='ocrx_word' id='word_1_84' title='bbox 756 788 927 836; x_wconf 86' lang='lat' dir='ltr'>partem</span> <span class='ocrx_word' id='word_1_85' title='bbox 963 781 1130 823; x_wconf 81' lang='lat' dir='ltr'>excitat</span> <span class='ocrx_word' id='word_1_86' title='bbox 1153 790 1197 824; x_wconf 88' lang='lat' dir='ltr'>et</span> <span class='ocrx_word' id='word_1_87' title='bbox 1221 782 1301 823; x_wconf 83' lang='lat' dir='ltr'>alit</span> <span class='ocrx_word' id='word_1_88' title='bbox 1332 798 1457 824; x_wconf 85' lang='lat' dir='ltr'>eam-</span> 
     </span>
     <span class='ocr_line' id='line_1_11' title="bbox 74 847 1456 910; baseline -0.002 -16"><span class='ocrx_word' id='word_1_89' title='bbox 74 868 161 910; x_wconf 86' lang='lat' dir='ltr'>que</span> <span class='ocrx_word' id='word_1_90' title='bbox 189 850 480 893; x_wconf 80' lang='lat' dir='ltr'>corroborans</span> <span class='ocrx_word' id='word_1_91' title='bbox 500 847 648 906; x_wconf 85' lang='lat' dir='ltr'>perdit</span> <span class='ocrx_word' id='word_1_92' title='bbox 671 848 786 890; x_wconf 86' lang='lat' dir='ltr'>hanc</span> <span class='ocrx_word' id='word_1_93' title='bbox 811 864 924 905; x_wconf 88' lang='lat' dir='ltr'>quae</span> <span class='ocrx_word' id='word_1_94' title='bbox 942 850 1127 891; x_wconf 83' lang='lat' dir='ltr'>rationis</span> <span class='ocrx_word' id='word_1_95' title='bbox 1155 858 1198 891; x_wconf 87' lang='lat' dir='ltr'>et</span> <span class='ocrx_word' id='word_1_96' title='bbox 1218 851 1366 892; x_wconf 85' lang='lat' dir='ltr'>confili</span> <span class='ocrx_word' id='word_1_97' title='bbox 1384 851 1456 892; x_wconf 84' lang='lat' dir='ltr'>est.</span> 
     </span>
     <span class='ocr_line' id='line_1_12' title="bbox 75 917 1458 976; baseline -0.001 -14"><span class='ocrx_word' id='word_1_98' title='bbox 75 918 454 976; x_wconf 86' lang='lat' dir='ltr'>quemadmodum</span> <span class='ocrx_word' id='word_1_99' title='bbox 480 917 599 958; x_wconf 87' lang='lat' dir='ltr'>enim</span> <span class='ocrx_word' id='word_1_100' title='bbox 631 917 676 958; x_wconf 83' lang='lat' dir='ltr'>in</span> <span class='ocrx_word' id='word_1_101' title='bbox 703 918 899 965; x_wconf 85' lang='lat' dir='ltr'>civitate,</span> <span class='ocrx_word' id='word_1_102' title='bbox 933 933 1070 976; x_wconf 89' lang='lat' dir='ltr'>quum</span> <span class='ocrx_word' id='word_1_103' title='bbox 1103 920 1199 974; x_wconf 84' lang='lat' dir='ltr'>quis</span> <span class='ocrx_word' id='word_1_104' title='bbox 1232 919 1458 975; x_wconf 87' lang='lat' dir='ltr'>improbos</span> 
     </span>
     <span class='ocr_line' id='line_1_13' title="bbox 76 985 1459 1046; baseline -0.001 -16"><span class='ocrx_word' id='word_1_105' title='bbox 76 996 279 1046; x_wconf 84' lang='lat' dir='ltr'>potentes</span> <span class='ocrx_word' id='word_1_106' title='bbox 316 985 462 1027; x_wconf 80' lang='lat' dir='ltr'><strong>reddit</strong></span> <span class='ocrx_word' id='word_1_107' title='bbox 502 986 653 1040; x_wconf 88' lang='lat' dir='ltr'>eisque</span> <span class='ocrx_word' id='word_1_108' title='bbox 693 985 919 1028; x_wconf 81' lang='lat' dir='ltr'>civitatem</span> <span class='ocrx_word' id='word_1_109' title='bbox 951 987 1218 1038; x_wconf 81' lang='lat' dir='ltr'>committit,</span> <span class='ocrx_word' id='word_1_110' title='bbox 1261 988 1459 1029; x_wconf 76' lang='lat' dir='ltr'>scitiores</span> 
     </span>
     <span class='ocr_line' id='line_1_14' title="bbox 78 1053 1460 1113; baseline -0.002 -14"><span class='ocrx_word' id='word_1_111' title='bbox 78 1066 228 1099; x_wconf 85' lang='lat' dir='ltr'>autem</span> <span class='ocrx_word' id='word_1_112' title='bbox 252 1054 421 1113; x_wconf 77' lang='lat' dir='ltr'><strong>perdit,</strong></span> <span class='ocrx_word' id='word_1_113' title='bbox 455 1053 611 1094; x_wconf 82' lang='lat' dir='ltr'>eodem</span> <span class='ocrx_word' id='word_1_114' title='bbox 634 1054 769 1095; x_wconf 88' lang='lat' dir='ltr'>modo</span> <span class='ocrx_word' id='word_1_115' title='bbox 792 1056 926 1096; x_wconf 86' lang='lat' dir='ltr'>etiam</span> <span class='ocrx_word' id='word_1_116' title='bbox 949 1056 1127 1112; x_wconf 67' lang='lat' dir='ltr'>poetam</span> <span class='ocrx_word' id='word_1_117' title='bbox 1147 1055 1194 1097; x_wconf 90' lang='lat' dir='ltr'>in</span> <span class='ocrx_word' id='word_1_118' title='bbox 1212 1056 1460 1098; x_wconf 81' lang='lat' dir='ltr'>imitatione</span> 
     </span>
     <span class='ocr_line' id='line_1_15' title="bbox 77 1121 1458 1180; baseline -0.001 -14"><span class='ocrx_word' id='word_1_119' title='bbox 77 1126 326 1169; x_wconf 82' lang='lat' dir='ltr'>versantem</span> <span class='ocrx_word' id='word_1_120' title='bbox 342 1122 538 1163; x_wconf 85' lang='lat' dir='ltr'>dicemus</span> <span class='ocrx_word' id='word_1_121' title='bbox 549 1136 732 1177; x_wconf 86' lang='lat' dir='ltr'>pravam</span> <span class='ocrx_word' id='word_1_122' title='bbox 749 1121 976 1164; x_wconf 82' lang='lat' dir='ltr'>civitatem</span> <span class='ocrx_word' id='word_1_123' title='bbox 998 1125 1233 1180; x_wconf 80' lang='lat' dir='ltr'>separatim</span> <span class='ocrx_word' id='word_1_124' title='bbox 1255 1124 1301 1165; x_wconf 91' lang='lat' dir='ltr'>in</span> <span class='ocrx_word' id='word_1_125' title='bbox 1314 1125 1458 1165; x_wconf 79' lang='lat' dir='ltr'>cuius-</span> 
     </span>
     <span class='ocr_line' id='line_1_16' title="bbox 75 1189 1460 1249; baseline 0 -16"><span class='ocrx_word' id='word_1_126' title='bbox 75 1207 162 1249; x_wconf 91' lang='lat' dir='ltr'>que</span> <span class='ocrx_word' id='word_1_127' title='bbox 180 1191 330 1233; x_wconf 86' lang='lat' dir='ltr'>auimo</span> <span class='ocrx_word' id='word_1_128' title='bbox 360 1190 541 1231; x_wconf 82' lang='lat' dir='ltr'>iniicere</span> <span class='ocrx_word' id='word_1_129' title='bbox 560 1218 570 1235; x_wconf 84' lang='lat'>,</span> <span class='ocrx_word' id='word_1_130' title='bbox 603 1189 828 1244; x_wconf 70' lang='lat' dir='ltr'>insipienti</span> <span class='ocrx_word' id='word_1_131' title='bbox 859 1189 954 1232; x_wconf 86' lang='lat' dir='ltr'>eius</span> <span class='ocrx_word' id='word_1_132' title='bbox 983 1193 1101 1247; x_wconf 81' lang='lat' dir='ltr'>parti</span> <span class='ocrx_word' id='word_1_133' title='bbox 1131 1193 1460 1247; x_wconf 76' lang='lat' dir='ltr'>indulgentem,</span> 
     </span>
     <span class='ocr_line' id='line_1_17' title="bbox 75 1257 1461 1317; baseline -0.001 -16"><span class='ocrx_word' id='word_1_134' title='bbox 75 1276 190 1317; x_wconf 88' lang='lat' dir='ltr'>quae</span> <span class='ocrx_word' id='word_1_135' title='bbox 211 1259 391 1315; x_wconf 87' lang='lat' dir='ltr'>quidem</span> <span class='ocrx_word' id='word_1_136' title='bbox 416 1272 559 1313; x_wconf 87' lang='lat' dir='ltr'>neque</span> <span class='ocrx_word' id='word_1_137' title='bbox 580 1257 751 1298; x_wconf 76' lang='lat' dir='ltr'>maiora</span> <span class='ocrx_word' id='word_1_138' title='bbox 771 1272 917 1312; x_wconf 84' lang='lat' dir='ltr'>neque</span> <span class='ocrx_word' id='word_1_139' title='bbox 938 1260 1113 1301; x_wconf 87' lang='lat' dir='ltr'>minora</span> <span class='ocrx_word' id='word_1_140' title='bbox 1135 1260 1364 1308; x_wconf 81' lang='lat' dir='ltr'>discernit,</span> <span class='ocrx_word' id='word_1_141' title='bbox 1385 1259 1461 1300; x_wconf 87' lang='lat' dir='ltr'>sed</span> 
     </span>
     <span class='ocr_line' id='line_1_18' title="bbox 77 1325 1462 1384; baseline -0.001 -14"><span class='ocrx_word' id='word_1_142' title='bbox 77 1329 230 1372; x_wconf 89' lang='lat' dir='ltr'>eadem</span> <span class='ocrx_word' id='word_1_143' title='bbox 255 1325 388 1367; x_wconf 89' lang='lat' dir='ltr'>modo</span> <span class='ocrx_word' id='word_1_144' title='bbox 409 1340 493 1381; x_wconf 83' lang='lat' dir='ltr'>pro</span> <span class='ocrx_word' id='word_1_145' title='bbox 516 1325 687 1380; x_wconf 84' lang='lat' dir='ltr'>magnis</span> <span class='ocrx_word' id='word_1_146' title='bbox 708 1325 842 1366; x_wconf 87' lang='lat' dir='ltr'>habet</span> <span class='ocrx_word' id='word_1_147' title='bbox 861 1327 995 1369; x_wconf 91' lang='lat' dir='ltr'>modo</span> <span class='ocrx_word' id='word_1_148' title='bbox 1016 1343 1101 1384; x_wconf 86' lang='lat' dir='ltr'>pro</span> <span class='ocrx_word' id='word_1_149' title='bbox 1124 1328 1299 1384; x_wconf 83' lang='lat' dir='ltr'>parvis,</span> <span class='ocrx_word' id='word_1_150' title='bbox 1333 1331 1462 1370; x_wconf 85' lang='lat' dir='ltr'>fimu-</span> 
     </span>
     <span class='ocr_line' id='line_1_19' title="bbox 75 1394 1460 1453; baseline 0.001 -14"><span class='ocrx_word' id='word_1_151' title='bbox 75 1398 193 1440; x_wconf 85' lang='lat' dir='ltr'>lacra</span> <span class='ocrx_word' id='word_1_152' title='bbox 228 1394 498 1451; x_wconf 86' lang='lat' dir='ltr'>fingentem,</span> <span class='ocrx_word' id='word_1_153' title='bbox 541 1409 566 1434; x_wconf 91' lang='lat' dir='ltr'>a</span> <span class='ocrx_word' id='word_1_154' title='bbox 596 1408 702 1435; x_wconf 84' lang='lat' dir='ltr'>vero</span> <span class='ocrx_word' id='word_1_155' title='bbox 737 1401 888 1436; x_wconf 84' lang='lat' dir='ltr'>autem</span> <span class='ocrx_word' id='word_1_156' title='bbox 924 1395 1029 1437; x_wconf 87' lang='lat' dir='ltr'>sane</span> <span class='ocrx_word' id='word_1_157' title='bbox 1057 1396 1189 1453; x_wconf 92' lang='lat' dir='ltr'>longe</span> <span class='ocrx_word' id='word_1_158' title='bbox 1218 1405 1460 1440; x_wconf 81' lang='lat' dir='ltr'>remotum.</span> 
     </span>
     <span class='ocr_line' id='line_1_20' title="bbox 74 1462 404 1519; baseline -0.009 -12"><span class='ocrx_word' id='word_1_159' title='bbox 74 1465 192 1509; x_wconf 89' lang='lat' dir='ltr'>Sane</span> <span class='ocrx_word' id='word_1_160' title='bbox 211 1462 404 1519; x_wconf 83' lang='lat' dir='ltr'>quidem.</span> 
     </span>
    </p>

    <p class='ocr_par' dir='ltr' id='par_1_3' title="bbox 76 1530 1469 2679">
     <span class='ocr_line' id='line_1_21' title="bbox 189 1530 1464 1589; baseline 0.002 -16"><span class='ocrx_word' id='word_1_161' title='bbox 189 1530 401 1573; x_wconf 84' lang='lat' dir='ltr'>Nondum</span> <span class='ocrx_word' id='word_1_162' title='bbox 428 1537 575 1571; x_wconf 85' lang='lat' dir='ltr'>autem</span> <span class='ocrx_word' id='word_1_163' title='bbox 596 1531 743 1585; x_wconf 65' lang='lat' dir='ltr'>poefin</span> <span class='ocrx_word' id='word_1_164' title='bbox 766 1530 813 1572; x_wconf 92' lang='lat' dir='ltr'>in</span> <span class='ocrx_word' id='word_1_165' title='bbox 833 1547 884 1573; x_wconf 86' lang='lat' dir='ltr'>eo</span> <span class='ocrx_word' id='word_1_166' title='bbox 913 1533 1029 1589; x_wconf 90' lang='lat' dir='ltr'>quod</span> <span class='ocrx_word' id='word_1_167' title='bbox 1046 1533 1297 1576; x_wconf 78' lang='lat' dir='ltr'>maximum</span> <span class='ocrx_word' id='word_1_168' title='bbox 1320 1536 1378 1576; x_wconf 86' lang='lat' dir='ltr'>est</span> <span class='ocrx_word' id='word_1_169' title='bbox 1395 1548 1464 1576; x_wconf 92' lang='lat' dir='ltr'>ac-</span> 
     </span>
     <span class='ocr_line' id='line_1_22' title="bbox 78 1597 1465 1652; baseline 0.001 -10"><span class='ocrx_word' id='word_1_170' title='bbox 78 1599 356 1645; x_wconf 86' lang='lat' dir='ltr'>cusavimus;</span> <span class='ocrx_word' id='word_1_171' title='bbox 389 1597 474 1638; x_wconf 86' lang='lat' dir='ltr'>hoc</span> <span class='ocrx_word' id='word_1_172' title='bbox 501 1597 617 1638; x_wconf 87' lang='lat' dir='ltr'>enim</span> <span class='ocrx_word' id='word_1_173' title='bbox 639 1599 757 1652; x_wconf 88' lang='lat' dir='ltr'>quod</span> <span class='ocrx_word' id='word_1_174' title='bbox 782 1600 913 1643; x_wconf 87' lang='lat' dir='ltr'>etiam</span> <span class='ocrx_word' id='word_1_175' title='bbox 936 1602 989 1643; x_wconf 82' lang='lat' dir='ltr'>ad</span> <span class='ocrx_word' id='word_1_176' title='bbox 1012 1603 1229 1644; x_wconf 78' lang='lat' dir='ltr'>modestos</span> <span class='ocrx_word' id='word_1_177' title='bbox 1251 1603 1372 1643; x_wconf 83' lang='lat' dir='ltr'>valet</span> <span class='ocrx_word' id='word_1_178' title='bbox 1392 1603 1465 1644; x_wconf 82' lang='lat' dir='ltr'>de-</span> 
     </span>
     <span class='ocr_line' id='line_1_23' title="bbox 76 1662 1464 1726; baseline 0.001 -16"><span class='ocrx_word' id='word_1_179' title='bbox 76 1662 348 1725; x_wconf 80' lang='lat' dir='ltr'>pravandos‚</span> <span class='ocrx_word' id='word_1_180' title='bbox 368 1665 604 1722; x_wconf 84' lang='lat' dir='ltr'>perpaucis</span> <span class='ocrx_word' id='word_1_181' title='bbox 621 1665 886 1719; x_wconf 89' lang='lat' dir='ltr'>quibusdam</span> <span class='ocrx_word' id='word_1_182' title='bbox 915 1671 1135 1726; x_wconf 85' lang='lat' dir='ltr'>exceptis,</span> <span class='ocrx_word' id='word_1_183' title='bbox 1160 1669 1464 1725; x_wconf 79' lang='lat' dir='ltr'>gravissimum</span> 
     </span>
     <span class='ocr_line' id='line_1_24' title="bbox 77 1732 1465 1794; baseline 0 -15"><span class='ocrx_word' id='word_1_184' title='bbox 77 1739 193 1779; x_wconf 85' lang='lat' dir='ltr'>sane.</span> <span class='ocrx_word' id='word_1_185' title='bbox 238 1733 436 1791; x_wconf 83' lang='lat' dir='ltr'>Quidni,</span> <span class='ocrx_word' id='word_1_186' title='bbox 468 1732 682 1788; x_wconf 85' lang='lat' dir='ltr'>fiquidem</span> <span class='ocrx_word' id='word_1_187' title='bbox 709 1734 795 1776; x_wconf 87' lang='lat' dir='ltr'>hoc</span> <span class='ocrx_word' id='word_1_188' title='bbox 815 1737 1086 1779; x_wconf 81' lang='lat' dir='ltr'>committit?</span> <span class='ocrx_word' id='word_1_189' title='bbox 1117 1737 1281 1793; x_wconf 81' lang='lat' dir='ltr'>Accipe</span> <span class='ocrx_word' id='word_1_190' title='bbox 1298 1746 1342 1779; x_wconf 91' lang='lat' dir='ltr'>et</span> <span class='ocrx_word' id='word_1_191' title='bbox 1360 1753 1465 1794; x_wconf 83' lang='lat' dir='ltr'>per-</span> 
     </span>
     <span class='ocr_line' id='line_1_25' title="bbox 76 1802 1467 1863; baseline 0.001 -17"><span class='ocrx_word' id='word_1_192' title='bbox 76 1804 236 1863; x_wconf 85' lang='lat' dir='ltr'>pende.</span> <span class='ocrx_word' id='word_1_193' title='bbox 270 1802 434 1843; x_wconf 86' lang='lat' dir='ltr'>etenim</span> <span class='ocrx_word' id='word_1_194' title='bbox 454 1802 644 1856; x_wconf 87' lang='lat' dir='ltr'>optimos</span> <span class='ocrx_word' id='word_1_195' title='bbox 662 1804 861 1845; x_wconf 71' lang='lat' dir='ltr'>nostrum</span> <span class='ocrx_word' id='word_1_196' title='bbox 884 1806 1112 1847; x_wconf 84' lang='lat' dir='ltr'>audientes</span> <span class='ocrx_word' id='word_1_197' title='bbox 1126 1806 1373 1861; x_wconf 83' lang='lat' dir='ltr'>Homerum</span> <span class='ocrx_word' id='word_1_198' title='bbox 1396 1806 1467 1848; x_wconf 85' lang='lat' dir='ltr'>vel</span> 
     </span>
     <span class='ocr_line' id='line_1_26' title="bbox 78 1869 1466 1929; baseline 0 -14"><span class='ocrx_word' id='word_1_199' title='bbox 78 1873 212 1915; x_wconf 80' lang='lat' dir='ltr'>etiam</span> <span class='ocrx_word' id='word_1_200' title='bbox 233 1869 369 1912; x_wconf 85' lang='lat' dir='ltr'>alium</span> <span class='ocrx_word' id='word_1_201' title='bbox 393 1883 525 1925; x_wconf 88' lang='lat' dir='ltr'>quem</span> <span class='ocrx_word' id='word_1_202' title='bbox 544 1869 815 1925; x_wconf 79' lang='lat' dir='ltr'>tragicorum</span> <span class='ocrx_word' id='word_1_203' title='bbox 830 1871 1077 1914; x_wconf 81' lang='lat' dir='ltr'>imitantem</span> <span class='ocrx_word' id='word_1_204' title='bbox 1094 1873 1261 1929; x_wconf 87' lang='lat' dir='ltr'>aliquos</span> <span class='ocrx_word' id='word_1_205' title='bbox 1275 1874 1466 1915; x_wconf 82' lang='lat' dir='ltr'>heroum</span> 
     </span>
     <span class='ocr_line' id='line_1_27' title="bbox 76 1937 1467 1998; baseline -0.001 -14"><span class='ocrx_word' id='word_1_206' title='bbox 76 1941 124 1984; x_wconf 91' lang='lat' dir='ltr'>in</span> <span class='ocrx_word' id='word_1_207' title='bbox 152 1941 275 1982; x_wconf 87' lang='lat' dir='ltr'>luctu</span> <span class='ocrx_word' id='word_1_208' title='bbox 299 1937 783 1992; x_wconf 82' lang='lat' dir='ltr'>versanteslongasque</span> <span class='ocrx_word' id='word_1_209' title='bbox 814 1940 1154 1983; x_wconf 86' lang='lat' dir='ltr'>lamentationes</span> <span class='ocrx_word' id='word_1_210' title='bbox 1184 1941 1467 1998; x_wconf 77' lang='lat' dir='ltr'>proferentes</span> 
     </span>
     <span class='ocr_line' id='line_1_28' title="bbox 78 2007 1467 2065; baseline 0.001 -15"><span class='ocrx_word' id='word_1_211' title='bbox 78 2008 156 2050; x_wconf 79' lang='lat' dir='ltr'>vel</span> <span class='ocrx_word' id='word_1_212' title='bbox 182 2007 314 2049; x_wconf 85' lang='lat' dir='ltr'>etiam</span> <span class='ocrx_word' id='word_1_213' title='bbox 342 2007 566 2062; x_wconf 80' lang='lat' dir='ltr'>plorantes</span> <span class='ocrx_word' id='word_1_214' title='bbox 595 2012 638 2047; x_wconf 83' lang='lat' dir='ltr'>et</span> <span class='ocrx_word' id='word_1_215' title='bbox 657 2007 936 2061; x_wconf 83' lang='lat' dir='ltr'>plangentes,</span> <span class='ocrx_word' id='word_1_216' title='bbox 972 2009 1055 2051; x_wconf 82' lang='lat' dir='ltr'>scis</span> <span class='ocrx_word' id='word_1_217' title='bbox 1082 2010 1241 2065; x_wconf 84' lang='lat' dir='ltr'>gaudio</span> <span class='ocrx_word' id='word_1_218' title='bbox 1269 2009 1401 2059; x_wconf 66' lang='lat' dir='ltr'>affici,</span> <span class='ocrx_word' id='word_1_219' title='bbox 1422 2012 1467 2051; x_wconf 85' lang='lat' dir='ltr'>se</span> 
     </span>
     <span class='ocr_line' id='line_1_29' title="bbox 81 2073 1467 2133; baseline 0 -15"><span class='ocrx_word' id='word_1_220' title='bbox 81 2076 291 2118; x_wconf 87' lang='lat' dir='ltr'>dedentes</span> <span class='ocrx_word' id='word_1_221' title='bbox 311 2073 431 2129; x_wconf 89' lang='lat' dir='ltr'>sequi</span> <span class='ocrx_word' id='word_1_222' title='bbox 454 2081 497 2114; x_wconf 87' lang='lat' dir='ltr'>et</span> <span class='ocrx_word' id='word_1_223' title='bbox 519 2073 802 2116; x_wconf 82' lang='lat' dir='ltr'>condolescen</span> <span class='ocrx_word' id='word_1_224' title='bbox 813 2083 888 2129; x_wconf 84' lang='lat' dir='ltr'>tes,</span> <span class='ocrx_word' id='word_1_225' title='bbox 908 2075 1046 2133; x_wconf 89' lang='lat' dir='ltr'>idque</span> <span class='ocrx_word' id='word_1_226' title='bbox 1078 2077 1202 2129; x_wconf 81' lang='lat' dir='ltr'>serio,</span> <span class='ocrx_word' id='word_1_227' title='bbox 1225 2085 1269 2119; x_wconf 86' lang='lat' dir='ltr'>et</span> <span class='ocrx_word' id='word_1_228' title='bbox 1284 2079 1467 2120; x_wconf 81' lang='lat' dir='ltr'>studiose</span> 
     </span>
     <span class='ocr_line' id='line_1_30' title="bbox 81 2141 1469 2201; baseline -0.001 -13"><span class='ocrx_word' id='word_1_229' title='bbox 81 2146 260 2188; x_wconf 87' lang='lat' dir='ltr'>laudare</span> <span class='ocrx_word' id='word_1_230' title='bbox 288 2149 337 2183; x_wconf 90' lang='lat' dir='ltr'>ut</span> <span class='ocrx_word' id='word_1_231' title='bbox 353 2141 520 2183; x_wconf 90' lang='lat' dir='ltr'>bonum</span> <span class='ocrx_word' id='word_1_232' title='bbox 544 2142 722 2198; x_wconf 65' lang='lat' dir='ltr'>poetam</span> <span class='ocrx_word' id='word_1_233' title='bbox 751 2143 1020 2201; x_wconf 87' lang='lat' dir='ltr'>quicumque</span> <span class='ocrx_word' id='word_1_234' title='bbox 1042 2161 1120 2187; x_wconf 90' lang='lat' dir='ltr'>nos</span> <span class='ocrx_word' id='word_1_235' title='bbox 1150 2161 1284 2200; x_wconf 87' lang='lat' dir='ltr'>quam</span> <span class='ocrx_word' id='word_1_236' title='bbox 1319 2147 1469 2189; x_wconf 81' lang='lat' dir='ltr'>maxi-</span> 
     </span>
     <span class='ocr_line' id='line_1_31' title="bbox 82 2209 1468 2271; baseline 0.002 -17"><span class='ocrx_word' id='word_1_237' title='bbox 82 2227 156 2254; x_wconf 86' lang='lat' dir='ltr'>me</span> <span class='ocrx_word' id='word_1_238' title='bbox 178 2213 236 2253; x_wconf 79' lang='lat' dir='ltr'>ita</span> <span class='ocrx_word' id='word_1_239' title='bbox 259 2209 431 2253; x_wconf 87' lang='lat' dir='ltr'>afficiat.</span> <span class='ocrx_word' id='word_1_240' title='bbox 464 2209 590 2252; x_wconf 84' lang='lat' dir='ltr'>Scio:</span> <span class='ocrx_word' id='word_1_241' title='bbox 624 2210 815 2265; x_wconf 73' lang='lat' dir='ltr'>quidni?</span> <span class='ocrx_word' id='word_1_242' title='bbox 848 2212 1042 2271; x_wconf 82' lang='lat' dir='ltr'>Quando</span> <span class='ocrx_word' id='word_1_243' title='bbox 1068 2227 1176 2253; x_wconf 86' lang='lat' dir='ltr'>vero</span> <span class='ocrx_word' id='word_1_244' title='bbox 1198 2214 1355 2271; x_wconf 82' lang='lat' dir='ltr'>aliquis</span> <span class='ocrx_word' id='word_1_245' title='bbox 1380 2231 1468 2257; x_wconf 88' lang='lat' dir='ltr'>no-</span> 
     </span>
     <span class='ocr_line' id='line_1_32' title="bbox 84 2277 1468 2336; baseline 0.003 -15"><span class='ocrx_word' id='word_1_246' title='bbox 84 2279 222 2322; x_wconf 73' lang='lat' dir='ltr'>strum</span> <span class='ocrx_word' id='word_1_247' title='bbox 259 2278 306 2319; x_wconf 87' lang='lat' dir='ltr'>in</span> <span class='ocrx_word' id='word_1_248' title='bbox 334 2277 566 2335; x_wconf 85' lang='lat' dir='ltr'>propriam</span> <span class='ocrx_word' id='word_1_249' title='bbox 604 2281 827 2334; x_wconf 84' lang='lat' dir='ltr'>quandam</span> <span class='ocrx_word' id='word_1_250' title='bbox 880 2280 1207 2336; x_wconf 86' lang='lat' dir='ltr'>aegritudinem</span> <span class='ocrx_word' id='word_1_251' title='bbox 1246 2282 1468 2335; x_wconf 82' lang='lat' dir='ltr'>inciderit,</span> 
     </span>
     <span class='ocr_line' id='line_1_33' title="bbox 86 2345 1469 2407; baseline 0.003 -19"><span class='ocrx_word' id='word_1_252' title='bbox 86 2345 403 2388; x_wconf 81' lang='lat' dir='ltr'>animadvertis</span> <span class='ocrx_word' id='word_1_253' title='bbox 425 2361 525 2388; x_wconf 88' lang='lat' dir='ltr'>eum</span> <span class='ocrx_word' id='word_1_254' title='bbox 545 2346 592 2387; x_wconf 90' lang='lat' dir='ltr'>iu</span> <span class='ocrx_word' id='word_1_255' title='bbox 622 2347 845 2388; x_wconf 82' lang='lat' dir='ltr'>contrario</span> <span class='ocrx_word' id='word_1_256' title='bbox 868 2348 911 2388; x_wconf 86' lang='lat' dir='ltr'>se</span> <span class='ocrx_word' id='word_1_257' title='bbox 932 2349 1119 2402; x_wconf 81' lang='lat' dir='ltr'>iactare,</span> <span class='ocrx_word' id='word_1_258' title='bbox 1150 2350 1178 2391; x_wconf 83' lang='lat' dir='ltr'><strong>fi</strong></span> <span class='ocrx_word' id='word_1_259' title='bbox 1198 2351 1325 2407; x_wconf 83' lang='lat' dir='ltr'>posfit</span> <span class='ocrx_word' id='word_1_260' title='bbox 1349 2358 1469 2393; x_wconf 80' lang='lat' dir='ltr'>tran-</span> 
     </span>
     <span class='ocr_line' id='line_1_34' title="bbox 87 2413 1469 2474; baseline 0.004 -19"><span class='ocrx_word' id='word_1_261' title='bbox 87 2414 248 2470; x_wconf 87' lang='lat' dir='ltr'>quillus</span> <span class='ocrx_word' id='word_1_262' title='bbox 272 2416 352 2455; x_wconf 78' lang='lat' dir='ltr'>este</span> <span class='ocrx_word' id='word_1_263' title='bbox 376 2413 541 2470; x_wconf 75' lang='lat' dir='ltr'>sibique</span> <span class='ocrx_word' id='word_1_264' title='bbox 562 2423 835 2472; x_wconf 79' lang='lat' dir='ltr'>temperare,</span> <span class='ocrx_word' id='word_1_265' title='bbox 866 2417 1031 2474; x_wconf 84' lang='lat' dir='ltr'>quippe</span> <span class='ocrx_word' id='word_1_266' title='bbox 1058 2417 1143 2459; x_wconf 89' lang='lat' dir='ltr'>hoc</span> <span class='ocrx_word' id='word_1_267' title='bbox 1168 2418 1298 2460; x_wconf 83' lang='lat' dir='ltr'>virile</span> <span class='ocrx_word' id='word_1_268' title='bbox 1320 2419 1469 2460; x_wconf 74' lang='lat' dir='ltr'>existi-</span> 
     </span>
     <span class='ocr_line' id='line_1_35' title="bbox 86 2480 1468 2539; baseline 0.007 -20"><span class='ocrx_word' id='word_1_269' title='bbox 86 2489 308 2530; x_wconf 80' lang='lat' dir='ltr'>mantem,</span> <span class='ocrx_word' id='word_1_270' title='bbox 352 2480 461 2522; x_wconf 74' lang='lat' dir='ltr'>illud</span> <span class='ocrx_word' id='word_1_271' title='bbox 492 2496 599 2523; x_wconf 85' lang='lat' dir='ltr'>vero</span> <span class='ocrx_word' id='word_1_272' title='bbox 632 2483 754 2539; x_wconf 87' lang='lat' dir='ltr'>quod</span> <span class='ocrx_word' id='word_1_273' title='bbox 782 2491 880 2525; x_wconf 87' lang='lat' dir='ltr'>tum</span> <span class='ocrx_word' id='word_1_274' title='bbox 914 2485 1204 2527; x_wconf 79' lang='lat' dir='ltr'>laudabamus</span> <span class='ocrx_word' id='word_1_275' title='bbox 1233 2487 1468 2529; x_wconf 77' lang='lat' dir='ltr'>muliebre.</span> 
     </span>
     <span class='ocr_line' id='line_1_36' title="bbox 85 2549 1468 2611; baseline 0.002 -18"><span class='ocrx_word' id='word_1_276' title='bbox 85 2549 432 2596; x_wconf 79' lang='lat' dir='ltr'>Animadverte,</span> <span class='ocrx_word' id='word_1_277' title='bbox 462 2549 617 2605; x_wconf 86' lang='lat' dir='ltr'>iuquit.</span> <span class='ocrx_word' id='word_1_278' title='bbox 677 2551 795 2594; x_wconf 84' lang='lat' dir='ltr'>Num</span> <span class='ocrx_word' id='word_1_279' title='bbox 818 2551 974 2608; x_wconf 84' lang='lat' dir='ltr'>igitur,</span> <span class='ocrx_word' id='word_1_280' title='bbox 1006 2554 1212 2611; x_wconf 81' lang='lat' dir='ltr'>inquam,</span> <span class='ocrx_word' id='word_1_281' title='bbox 1242 2563 1360 2596; x_wconf 86' lang='lat' dir='ltr'>recte</span> <span class='ocrx_word' id='word_1_282' title='bbox 1384 2556 1468 2596; x_wconf 83' lang='lat' dir='ltr'>ha-</span> 
     </span>
     <span class='ocr_line' id='line_1_37' title="bbox 88 2615 1469 2679; baseline 0.005 -20"><span class='ocrx_word' id='word_1_283' title='bbox 88 2616 165 2661; x_wconf 87' lang='lat' dir='ltr'>bet</span> <span class='ocrx_word' id='word_1_284' title='bbox 183 2617 290 2661; x_wconf 86' lang='lat' dir='ltr'>haec</span> <span class='ocrx_word' id='word_1_285' title='bbox 315 2615 534 2673; x_wconf 85' lang='lat' dir='ltr'>laudatio,</span> <span class='ocrx_word' id='word_1_286' title='bbox 563 2617 594 2660; x_wconf 80' lang='lat' dir='ltr'>fi</span> <span class='ocrx_word' id='word_1_287' title='bbox 616 2620 710 2675; x_wconf 87' lang='lat' dir='ltr'>quis</span> <span class='ocrx_word' id='word_1_288' title='bbox 739 2620 957 2664; x_wconf 85' lang='lat' dir='ltr'>eiusmodi</span> <span class='ocrx_word' id='word_1_289' title='bbox 978 2621 1128 2665; x_wconf 79' lang='lat' dir='ltr'>virum</span> <span class='ocrx_word' id='word_1_290' title='bbox 1150 2622 1326 2672; x_wconf 80' lang='lat' dir='ltr'>videns,</span> <span class='ocrx_word' id='word_1_291' title='bbox 1355 2637 1469 2679; x_wconf 84' lang='lat' dir='ltr'>qua-</span> 
     </span>
    </p>
   </div>
  </div>
 </body>
</html>
