1657 2876
601 115 933 162 TIMAEUS.
1388 138 1470 184 ³²9

76 233 172 275 sum
205 244 348 288 genus
370 227 580 283 intelligis
601 228 688 269 fine
708 225 843 270 dubio
870 228 942 270 hic
972 231 1026 272 ab
1058 235 1266 278 omnibus
1287 239 1468 294 generi-

77 301 161 343 bus
181 302 432 358 separatum
458 299 566 347 effe,
591 295 711 352 quod
734 295 779 338 in
805 296 889 337 alia
918 299 1038 340 nulla
1057 317 1106 342 re
1124 306 1199 345 nifi
1222 307 1265 347 in
1285 307 1466 350 militari

74 370 149 412 lex
184 369 307 412 iubet
344 378 496 408 curam
543 377 737 419 ponere;
785 373 1016 421 praeterea
1051 380 1306 415 armaturae
1337 377 1466 428 ratio,

76 437 223 494 clypei
245 444 289 477 et
307 434 479 484 hastae,
512 431 673 486 quibus
693 448 774 476 nos
793 433 930 491 primi
950 436 996 476 iu
1017 438 1113 478 Asia
1134 438 1277 482 induti
1296 445 1463 494 sumus,

73 506 180 557 dea,
210 506 312 547 ficut
346 500 507 542 inillis
542 500 673 549 locis,
703 503 822 558 apud
849 518 929 544 vos
949 505 1119 561 primos
1155 521 1205 548 ea
1225 523 1464 554 common-

69 575 244 615 strante.
276 569 412 612 etiam
447 568 567 625 quod
600 570 653 611 ad
688 570 971 626 prudentiam
1001 574 1178 627 attinet,
1222 575 1346 619 vides
1375 582 1462 621 fine

69 640 204 682 dubio
225 644 447 694 quantum
473 651 605 678 curae
625 636 696 678 hic
718 638 792 680 lex
813 639 1068 682 adhibuerit
1088 644 1228 685 statim
1255 645 1381 687 initio
1403 649 1460 690 de

66 707 223 751 ordine
243 706 452 748 universo
476 720 615 761 usque
637 706 690 746 ad
721 714 862 748 artem
894 708 1159 752 vaticinandi
1193 720 1236 753 et
1270 715 1459 756 medici-

65 791 170 819 nam
196 775 248 817 ad
278 775 509 816 sanitatem
550 774 844 829 spectantem,
885 778 993 818 haec
1021 793 1136 832 quae
1162 780 1316 825 divina
1352 784 1457 825 sunt

64 845 120 887 ad
163 858 233 886 res
270 843 488 884 humanas
517 844 882 891 accommodans,
933 855 976 887 et
1016 847 1071 887 de
1111 849 1318 891 omnibus
1360 851 1456 893 aliis

66 930 167 957 cum
192 913 277 955 illis
296 911 543 954 coniunctis
565 909 805 967 disciplinis
822 927 929 966 quas
951 915 1166 957 condidit.
1187 917 1301 959 hanc
1320 918 1456 974 igitur

63 981 316 1023 universam
343 979 694 1021 constitutionem
731 987 774 1020 et
806 982 1171 1036 compofitionem
1198 1000 1343 1040 quum
1373 987 1454 1029 dea

64 1048 291 1108 prioribus
315 1047 741 1098 vobisinst1·uxiffet‚
773 1063 870 1090 eam
898 1050 1018 1091 vobis
1044 1051 1188 1093 sedem
1223 1054 1382 1110 delegit
1406 1055 1454 1097 in

66 1132 150 1172 qua
180 1116 271 1156 nati
301 1116 417 1164 estis,
447 1116 820 1170 temperationem
844 1120 1148 1173 tempestatum
1178 1121 1223 1162 in
1246 1137 1293 1163 ea
1315 1123 1454 1164 intel-

63 1185 203 1241 ligens
222 1184 582 1239 prudentissimos
602 1187 684 1224 effe
699 1185 810 1226 viros
831 1186 1035 1228 laturam.
1059 1189 1222 1229 etenim
1243 1191 1324 1230 dea
1350 1190 1454 1234 belli

66 1261 111 1294 el
134 1250 375 1308 sapientiae
402 1251 588 1291 studiosa
607 1251 753 1293 locum
786 1252 860 1307 qui
886 1253 1003 1294 viros
1022 1254 1095 1310 ipfi
1121 1256 1364 1297 fimillimos
1389 1261 1451 1300 ia·-

57 1329 188 1364 turus
209 1322 312 1362 effe—t
332 1318 532 1376 primum
554 1319 717 1374 delegit
734 1320 971 1363 domicilio.
1004 1323 1168 1365 vixistis
1188 1322 1322 1375 igitur
1347 1325 1450 1367 tali-

58 1389 142 1431 bus
165 1387 332 1444 legibus
356 1395 530 1429 utentes
551 1396 594 1429 et
620 1388 754 1443 magis
778 1390 911 1432 etiam
939 1390 1050 1431 bene
1078 1391 1265 1438 instituti
1298 1393 1450 1435 omni-

61 1473 149 1513 que
183 1470 337 1498 ornnes
370 1455 573 1497 homines
601 1458 862 1514 superantes
894 1458 1083 1507 virium,
1124 1459 1233 1500 ficut
1259 1476 1340 1517 par
1373 1463 1447 1513 est,

59 1541 200 1582 quum
222 1540 248 1566 a
270 1524 350 1564 diis
374 1525 572 1579 generati
595 1533 638 1566 et
666 1525 846 1567 instituti
872 1526 1064 1568 fueritis.
1095 1543 1144 1569 ac
1174 1530 1317 1570 multa
1341 1531 1449 1585 qui-

62 1596 164 1637 dem
191 1601 232 1634 et
254 1607 414 1648 magna
437 1592 560 1634 urbis
589 1595 753 1634 vestrae
775 1594 845 1634 hic
865 1597 1112 1649 confignata
1133 1611 1268 1652 opera
1297 1599 1448 1640 admi-

57 1663 275 1704 rationem
298 1668 491 1706 movent,
512 1661 629 1702 inter
650 1661 799 1703 omnia
820 1669 968 1703 tamen
997 1678 1132 1704 unum
1166 1664 1335 1706 eminet
1357 1683 1446 1709 tna-

56 1729 286 1788 gnitudine
309 1737 351 1769 et
371 1728 548 1769 virtute.
583 1729 729 1770 dicunt
756 1730 875 1771 enim
896 1730 1074 1785 scripta,
1096 1741 1310 1784 quantam
1339 1735 1445 1777 urbs

55 1801 198 1841 vestra
223 1796 462 1851 aliquando
484 1796 575 1836 vim
596 1799 896 1853 cmnprefferit
917 1798 1156 1838 insolenter
1175 1804 1444 1854 graflantem

55 1867 103 1909 in
135 1865 393 1908 universam
422 1865 545 1905 fimul
575 1864 801 1921 Europam
834 1873 876 1906 et
897 1866 1038 1907 Asiam
1072 1867 1345 1910 extrinsecus
1378 1875 1444 1913 ir·-

54 1941 344 1992 rumpentem
388 1948 446 1974 ex
477 1932 697 1974 Atlantico
725 1932 854 1974 mari.
906 1940 1013 1974 tunc
1044 1935 1162 1974 enim
1195 1937 1443 1992 navigabile

57 2014 152 2046 erat
190 2003 296 2045 illud
329 2016 451 2043 mare
492 2008 533 2041 et
565 2001 754 2042 insulam
784 2008 888 2043 ante
918 2001 1071 2042 ostium
1106 2001 1296 2044 habehat
1324 2007 1441 2060 quod

55 2071 299 2130 appellatis,
331 2078 379 2112 ut
407 2084 485 2111 vos
510 2067 664 2118 dicitis,
696 2068 898 2110 Herculis
920 2069 1162 2116 columnas,
1193 2070 1333 2113 insula
1358 2089 1441 2115 au-

54 2149 143 2183 tem
168 2140 289 2182 simul
310 2138 450 2194 Libya
473 2143 565 2177 erat
596 2144 637 2176 et
652 2136 745 2178 Asia
772 2136 939 2185 maior,
973 2137 1094 2177 unde
1118 2139 1264 2179 aditus
1286 2141 1340 2180 ad
1363 2157 1440 2183 re-

54 2209 195 2264 liquas
216 2208 377 2249 insulas
399 2214 502 2247 tuno
527 2211 620 2245 erat
642 2204 1044 2260 proficiscentibus,
1077 2214 1120 2246 et
1139 2221 1193 2246 ex
1217 2207 1360 2248 insulis
1377 2210 1434 2252 ad

55 2277 355 2317 continentem
370 2273 582 2329 eregione
601 2273 780 2328 positam
803 2272 969 2314 circum
993 2287 1150 2315 verum
1172 2273 1278 2316 illud
1298 2291 1437 2320 mare.

53 2342 204 2385 onmia
230 2344 346 2384 enim
373 2343 489 2383 intra
511 2341 664 2382 ostium
687 2339 802 2396 quod
831 2340 1018 2383 dicimus
1048 2341 1260 2384 videntur
1281 2353 1438 2402 portus

54 2415 136 2453 esse
155 2411 383 2466 angustum
406 2408 627 2465 quendam
651 2408 817 2450 liabens
841 2409 1103 2461 introilum3
1135 2410 1244 2452 illud
1284 2423 1435 2459 autem

52 2493 178 2521 mare
201 2478 255 2518 est
275 2492 432 2519 verum
462 2477 657 2532 itemque
685 2484 805 2517 terra
838 2476 880 2516 id
912 2475 1089 2531 cingens
1118 2483 1298 2535 prorsus
1331 2498 1435 2525 vere

52 2547 286 2589 rectissime
306 2546 475 2588 dicetur
496 2544 737 2587 continens.
766 2544 814 2585 in
834 2543 914 2585 hac
938 2552 1088 2587 autem
1112 2547 1336 2593 Atlantide
1357 2551 1429 2592 in..

112 2686 224 2725 Tom.
262 2685 312 2725 V,
1140 2685 1159 2725 ἶ
