<?xml version="1.0" encoding="UTF-8"?>
<!DOCTYPE html PUBLIC "-//W3C//DTD XHTML 1.0 Transitional//EN"
    "http://www.w3.org/TR/xhtml1/DTD/xhtml1-transitional.dtd">
<html xmlns="http://www.w3.org/1999/xhtml" xml:lang="en" lang="en">
 <head>
  <title>
</title>
<meta http-equiv="Content-Type" content="text/html;charset=utf-8" />
  <meta name='ocr-system' content='tesseract 3.04.00' />
  <meta name='ocr-capabilities' content='ocr_page ocr_carea ocr_par ocr_line ocrx_word'/>
</head>
<body>
  <div class='ocr_page' id='page_1' title='image "./quaeexstantopera05plat_0165.png"; bbox 0 0 1657 2876; ppageno 0'>
   <div class='ocr_carea' id='block_1_1' title="bbox 621 127 1481 174">
    <p class='ocr_par' dir='ltr' id='par_1_1' title="bbox 621 127 1481 174">
     <span class='ocr_line' id='line_1_1' title="bbox 621 127 1481 174; baseline 0.003 -4"><span class='ocrx_word' id='word_1_1' title='bbox 621 127 959 174; x_wconf 86' lang='lat' dir='ltr'><strong>TIMAEUS.</strong></span> <span class='ocrx_word' id='word_1_2' title='bbox 1400 131 1481 173; x_wconf 84' lang='lat'>155</span> 
     </span>
    </p>
   </div>
   <div class='ocr_carea' id='block_1_2' title="bbox 100 241 1497 2482">
    <p class='ocr_par' dir='ltr' id='par_1_2' title="bbox 100 241 1497 2482">
     <span class='ocr_line' id='line_1_2' title="bbox 101 241 1482 299; baseline -0.004 -9"><span class='ocrx_word' id='word_1_3' title='bbox 101 244 373 290; x_wconf 78' lang='lat' dir='ltr'>fimillimum</span> <span class='ocrx_word' id='word_1_4' title='bbox 392 242 484 285; x_wconf 83' lang='lat' dir='ltr'>eius</span> <span class='ocrx_word' id='word_1_5' title='bbox 504 242 570 291; x_wconf 66' lang='grc' dir='ltr'>Εἰς</span> <span class='ocrx_word' id='word_1_6' title='bbox 593 241 757 283; x_wconf 74' lang='lat' dir='ltr'>etenim</span> <span class='ocrx_word' id='word_1_7' title='bbox 783 241 1013 299; x_wconf 79' lang='lat' dir='ltr'>exemplar</span> <span class='ocrx_word' id='word_1_8' title='bbox 1027 258 1108 299; x_wconf 81' lang='lat' dir='ltr'>per</span> <span class='ocrx_word' id='word_1_9' title='bbox 1127 258 1308 288; x_wconf 85' lang='lat' dir='ltr'>omnem</span> <span class='ocrx_word' id='word_1_10' title='bbox 1328 251 1482 287; x_wconf 79' lang='lat' dir='ltr'>aeter-</span> 
     </span>
     <span class='ocr_line' id='line_1_3' title="bbox 101 309 1483 370; baseline -0.001 -14"><span class='ocrx_word' id='word_1_11' title='bbox 101 315 284 356; x_wconf 78' lang='lat' dir='ltr'>nitatem</span> <span class='ocrx_word' id='word_1_12' title='bbox 319 326 419 354; x_wconf 75' lang='lat' dir='ltr'>vere,</span> <span class='ocrx_word' id='word_1_13' title='bbox 446 311 525 360; x_wconf 86' lang='lat' dir='ltr'>est,</span> <span class='ocrx_word' id='word_1_14' title='bbox 570 309 681 351; x_wconf 88' lang='lat' dir='ltr'>illud</span> <span class='ocrx_word' id='word_1_15' title='bbox 722 317 869 352; x_wconf 84' lang='lat' dir='ltr'>autem</span> <span class='ocrx_word' id='word_1_16' title='bbox 900 320 1122 367; x_wconf 87' lang='lat' dir='ltr'>perpetuo</span> <span class='ocrx_word' id='word_1_17' title='bbox 1148 329 1370 370; x_wconf 87' lang='lat' dir='ltr'>omneque</span> <span class='ocrx_word' id='word_1_18' title='bbox 1402 328 1483 369; x_wconf 87' lang='lat' dir='ltr'>per</span> 
     </span>
     <span class='ocr_line' id='line_1_4' title="bbox 101 378 1484 439; baseline -0.001 -15"><span class='ocrx_word' id='word_1_19' title='bbox 101 390 280 439; x_wconf 82' lang='lat' dir='ltr'>tempus</span> <span class='ocrx_word' id='word_1_20' title='bbox 302 388 344 422; x_wconf 86' lang='lat' dir='ltr'>et</span> <span class='ocrx_word' id='word_1_21' title='bbox 362 378 447 420; x_wconf 86' lang='lat' dir='ltr'>fuit</span> <span class='ocrx_word' id='word_1_22' title='bbox 468 385 511 418; x_wconf 91' lang='lat' dir='ltr'>et</span> <span class='ocrx_word' id='word_1_23' title='bbox 530 378 587 418; x_wconf 90' lang='lat' dir='ltr'>est</span> <span class='ocrx_word' id='word_1_24' title='bbox 607 388 651 418; x_wconf 90' lang='lat' dir='ltr'>et</span> <span class='ocrx_word' id='word_1_25' title='bbox 674 380 769 420; x_wconf 82' lang='lat' dir='ltr'>erit.</span> <span class='ocrx_word' id='word_1_26' title='bbox 791 391 848 420; x_wconf 85' lang='lat' dir='ltr'>ex</span> <span class='ocrx_word' id='word_1_27' title='bbox 863 378 946 420; x_wconf 87' lang='lat' dir='ltr'>hac</span> <span class='ocrx_word' id='word_1_28' title='bbox 960 378 1094 435; x_wconf 86' lang='lat' dir='ltr'>igitur</span> <span class='ocrx_word' id='word_1_29' title='bbox 1115 381 1289 423; x_wconf 85' lang='lat' dir='ltr'>ratione</span> <span class='ocrx_word' id='word_1_30' title='bbox 1309 389 1351 422; x_wconf 83' lang='lat' dir='ltr'>et</span> <span class='ocrx_word' id='word_1_31' title='bbox 1373 397 1484 423; x_wconf 83' lang='lat' dir='ltr'>con-</span> 
     </span>
     <span class='ocr_line' id='line_1_5' title="bbox 101 449 1484 504; baseline -0.001 -12"><span class='ocrx_word' id='word_1_32' title='bbox 101 451 193 492; x_wconf 76' lang='lat' dir='ltr'>filio</span> <span class='ocrx_word' id='word_1_33' title='bbox 233 449 385 491; x_wconf 87' lang='lat' dir='ltr'>divino</span> <span class='ocrx_word' id='word_1_34' title='bbox 427 453 478 487; x_wconf 86' lang='lat' dir='ltr'>ut</span> <span class='ocrx_word' id='word_1_35' title='bbox 519 453 695 503; x_wconf 86' lang='lat' dir='ltr'>tempus</span> <span class='ocrx_word' id='word_1_36' title='bbox 736 455 1045 504; x_wconf 80' lang='lat' dir='ltr'>procrearetur</span> <span class='ocrx_word' id='word_1_37' title='bbox 1064 480 1075 499; x_wconf 92' lang='lat'><em>‚</em></span> <span class='ocrx_word' id='word_1_38' title='bbox 1126 449 1187 490; x_wconf 86' lang='lat' dir='ltr'>sol</span> <span class='ocrx_word' id='word_1_39' title='bbox 1224 457 1266 489; x_wconf 86' lang='lat' dir='ltr'>et</span> <span class='ocrx_word' id='word_1_40' title='bbox 1302 450 1409 491; x_wconf 90' lang='lat' dir='ltr'>luna</span> <span class='ocrx_word' id='word_1_41' title='bbox 1440 457 1484 491; x_wconf 75' lang='lat' dir='ltr'>et</span> 
     </span>
     <span class='ocr_line' id='line_1_6' title="bbox 105 515 1486 573; baseline 0 -15"><span class='ocrx_word' id='word_1_42' title='bbox 105 518 302 573; x_wconf 89' lang='lat' dir='ltr'>quinque</span> <span class='ocrx_word' id='word_1_43' title='bbox 327 515 436 556; x_wconf 85' lang='lat' dir='ltr'>aliae</span> <span class='ocrx_word' id='word_1_44' title='bbox 462 515 603 556; x_wconf 86' lang='lat' dir='ltr'>stellae</span> <span class='ocrx_word' id='word_1_45' title='bbox 623 529 736 572; x_wconf 89' lang='lat' dir='ltr'>quae</span> <span class='ocrx_word' id='word_1_46' title='bbox 754 523 968 556; x_wconf 87' lang='lat' dir='ltr'>vocantur</span> <span class='ocrx_word' id='word_1_47' title='bbox 989 524 1208 563; x_wconf 74' lang='lat' dir='ltr'>errantes,</span> <span class='ocrx_word' id='word_1_48' title='bbox 1230 517 1283 558; x_wconf 85' lang='lat' dir='ltr'>ad</span> <span class='ocrx_word' id='word_1_49' title='bbox 1308 524 1486 573; x_wconf 84' lang='lat' dir='ltr'>tempo-</span> 
     </span>
     <span class='ocr_line' id='line_1_7' title="bbox 101 583 1485 639; baseline 0.001 -13"><span class='ocrx_word' id='word_1_50' title='bbox 101 585 163 627; x_wconf 79' lang='lat' dir='ltr'>ris</span> <span class='ocrx_word' id='word_1_51' title='bbox 212 597 422 624; x_wconf 86' lang='lat' dir='ltr'>numeros</span> <span class='ocrx_word' id='word_1_52' title='bbox 462 583 790 638; x_wconf 86' lang='lat' dir='ltr'>distinguendos</span> <span class='ocrx_word' id='word_1_53' title='bbox 831 592 964 639; x_wconf 83' lang='lat' dir='ltr'>atque</span> <span class='ocrx_word' id='word_1_54' title='bbox 1008 585 1331 626; x_wconf 82' lang='lat' dir='ltr'>conservandos</span> <span class='ocrx_word' id='word_1_55' title='bbox 1370 585 1485 628; x_wconf 85' lang='lat' dir='ltr'>sacta</span> 
     </span>
     <span class='ocr_line' id='line_1_8' title="bbox 100 651 1487 708; baseline 0.001 -15"><span class='ocrx_word' id='word_1_56' title='bbox 100 654 214 694; x_wconf 83' lang='lat' dir='ltr'>sunt.</span> <span class='ocrx_word' id='word_1_57' title='bbox 244 666 430 706; x_wconf 81' lang='lat' dir='ltr'>corpora</span> <span class='ocrx_word' id='word_1_58' title='bbox 446 657 594 693; x_wconf 84' lang='lat' dir='ltr'>autem</span> <span class='ocrx_word' id='word_1_59' title='bbox 617 666 772 693; x_wconf 87' lang='lat' dir='ltr'>eorum</span> <span class='ocrx_word' id='word_1_60' title='bbox 795 651 899 693; x_wconf 83' lang='lat' dir='ltr'>deus</span> <span class='ocrx_word' id='word_1_61' title='bbox 919 651 1102 693; x_wconf 79' lang='lat' dir='ltr'>effector</span> <span class='ocrx_word' id='word_1_62' title='bbox 1127 654 1272 708; x_wconf 83' lang='lat' dir='ltr'>posuit</span> <span class='ocrx_word' id='word_1_63' title='bbox 1288 654 1334 695; x_wconf 90' lang='lat' dir='ltr'>in</span> <span class='ocrx_word' id='word_1_64' title='bbox 1357 654 1487 695; x_wconf 90' lang='lat' dir='ltr'>orbi-</span> 
     </span>
     <span class='ocr_line' id='line_1_9' title="bbox 100 720 1488 776; baseline 0.001 -15"><span class='ocrx_word' id='word_1_65' title='bbox 100 720 184 761; x_wconf 90' lang='lat' dir='ltr'>bus</span> <span class='ocrx_word' id='word_1_66' title='bbox 199 750 209 766; x_wconf 92' lang='lat'>,</span> <span class='ocrx_word' id='word_1_67' title='bbox 235 721 399 776; x_wconf 65' lang='lat' dir='ltr'>septem</span> <span class='ocrx_word' id='word_1_68' title='bbox 423 720 494 761; x_wconf 83' lang='lat' dir='ltr'>illa</span> <span class='ocrx_word' id='word_1_69' title='bbox 516 720 558 761; x_wconf 87' lang='lat' dir='ltr'>in</span> <span class='ocrx_word' id='word_1_70' title='bbox 581 721 746 776; x_wconf 78' lang='lat' dir='ltr'>septem</span> <span class='ocrx_word' id='word_1_71' title='bbox 770 721 837 762; x_wconf 88' lang='lat' dir='ltr'>his</span> <span class='ocrx_word' id='word_1_72' title='bbox 855 735 966 776; x_wconf 86' lang='lat' dir='ltr'>quos</span> <span class='ocrx_word' id='word_1_73' title='bbox 986 720 1166 762; x_wconf 81' lang='lat' dir='ltr'>alterius</span> <span class='ocrx_word' id='word_1_74' title='bbox 1187 730 1372 763; x_wconf 67' lang='lat' dir='ltr'>naturae</span> <span class='ocrx_word' id='word_1_75' title='bbox 1394 722 1488 763; x_wconf 86' lang='lat' dir='ltr'>cir-</span> 
     </span>
     <span class='ocr_line' id='line_1_10' title="bbox 101 788 1488 847; baseline 0.001 -17"><span class='ocrx_word' id='word_1_76' title='bbox 101 788 249 830; x_wconf 81' lang='lat' dir='ltr'>cuitus</span> <span class='ocrx_word' id='word_1_77' title='bbox 272 788 494 839; x_wconf 80' lang='lat' dir='ltr'>lustrabat,</span> <span class='ocrx_word' id='word_1_78' title='bbox 513 803 564 830; x_wconf 89' lang='lat' dir='ltr'>ac</span> <span class='ocrx_word' id='word_1_79' title='bbox 584 789 737 829; x_wconf 86' lang='lat' dir='ltr'>lunam</span> <span class='ocrx_word' id='word_1_80' title='bbox 759 788 932 842; x_wconf 83' lang='lat' dir='ltr'>quidem</span> <span class='ocrx_word' id='word_1_81' title='bbox 954 789 1001 830; x_wconf 89' lang='lat' dir='ltr'>in</span> <span class='ocrx_word' id='word_1_82' title='bbox 1021 804 1072 831; x_wconf 86' lang='lat' dir='ltr'>eo</span> <span class='ocrx_word' id='word_1_83' title='bbox 1095 789 1171 845; x_wconf 91' lang='lat' dir='ltr'>qui</span> <span class='ocrx_word' id='word_1_84' title='bbox 1194 790 1368 847; x_wconf 87' lang='lat' dir='ltr'>primus</span> <span class='ocrx_word' id='word_1_85' title='bbox 1393 799 1488 831; x_wconf 88' lang='lat' dir='ltr'>ter-</span> 
     </span>
     <span class='ocr_line' id='line_1_11' title="bbox 100 856 1487 914; baseline 0.001 -15"><span class='ocrx_word' id='word_1_86' title='bbox 100 872 199 899; x_wconf 82' lang='lat' dir='ltr'>ram</span> <span class='ocrx_word' id='word_1_87' title='bbox 224 856 384 906; x_wconf 84' lang='lat' dir='ltr'>ambit,</span> <span class='ocrx_word' id='word_1_88' title='bbox 415 858 615 899; x_wconf 76' lang='lat' dir='ltr'>solemia</span> <span class='ocrx_word' id='word_1_89' title='bbox 637 857 828 898; x_wconf 86' lang='lat' dir='ltr'>secundo</span> <span class='ocrx_word' id='word_1_90' title='bbox 851 858 978 914; x_wconf 86' lang='lat' dir='ltr'>supra</span> <span class='ocrx_word' id='word_1_91' title='bbox 1002 866 1191 907; x_wconf 85' lang='lat' dir='ltr'>terram,</span> <span class='ocrx_word' id='word_1_92' title='bbox 1223 856 1487 902; x_wconf 82' lang='lat' dir='ltr'>Luciferum</span> 
     </span>
     <span class='ocr_line' id='line_1_12' title="bbox 102 926 1487 980; baseline 0 -13"><span class='ocrx_word' id='word_1_93' title='bbox 102 934 252 967; x_wconf 83' lang='lat' dir='ltr'>autem</span> <span class='ocrx_word' id='word_1_94' title='bbox 282 933 325 965; x_wconf 88' lang='lat' dir='ltr'>et</span> <span class='ocrx_word' id='word_1_95' title='bbox 343 941 443 967; x_wconf 90' lang='lat' dir='ltr'>eum</span> <span class='ocrx_word' id='word_1_96' title='bbox 467 927 542 980; x_wconf 87' lang='lat' dir='ltr'>qui</span> <span class='ocrx_word' id='word_1_97' title='bbox 570 927 795 968; x_wconf 78' lang='lat' dir='ltr'>Mercurio</span> <span class='ocrx_word' id='word_1_98' title='bbox 817 927 937 967; x_wconf 83' lang='lat' dir='ltr'>sacer</span> <span class='ocrx_word' id='word_1_99' title='bbox 957 927 1121 968; x_wconf 84' lang='lat' dir='ltr'>dicitur</span> <span class='ocrx_word' id='word_1_100' title='bbox 1142 926 1190 968; x_wconf 87' lang='lat' dir='ltr'>in</span> <span class='ocrx_word' id='word_1_101' title='bbox 1222 927 1273 968; x_wconf 89' lang='lat' dir='ltr'>iis</span> <span class='ocrx_word' id='word_1_102' title='bbox 1303 926 1487 968; x_wconf 87' lang='lat' dir='ltr'>orbibus</span> 
     </span>
     <span class='ocr_line' id='line_1_13' title="bbox 103 993 1489 1052; baseline 0.001 -19"><span class='ocrx_word' id='word_1_103' title='bbox 103 993 181 1048; x_wconf 91' lang='lat' dir='ltr'>qui</span> <span class='ocrx_word' id='word_1_104' title='bbox 200 994 374 1035; x_wconf 88' lang='lat' dir='ltr'>cursum</span> <span class='ocrx_word' id='word_1_105' title='bbox 397 994 562 1036; x_wconf 88' lang='lat' dir='ltr'>habent</span> <span class='ocrx_word' id='word_1_106' title='bbox 583 995 678 1036; x_wconf 81' lang='lat' dir='ltr'>solis</span> <span class='ocrx_word' id='word_1_107' title='bbox 698 994 913 1035; x_wconf 78' lang='lat' dir='ltr'>celeritati</span> <span class='ocrx_word' id='word_1_108' title='bbox 931 1010 1108 1052; x_wconf 85' lang='lat' dir='ltr'>parem,</span> <span class='ocrx_word' id='word_1_109' title='bbox 1141 995 1211 1036; x_wconf 83' lang='lat' dir='ltr'>sed</span> <span class='ocrx_word' id='word_1_110' title='bbox 1233 994 1320 1035; x_wconf 88' lang='lat' dir='ltr'>vim</span> <span class='ocrx_word' id='word_1_111' title='bbox 1343 1008 1489 1048; x_wconf 85' lang='lat' dir='ltr'>quan-</span> 
     </span>
     <span class='ocr_line' id='line_1_14' title="bbox 104 1061 1488 1120; baseline -0.001 -18"><span class='ocrx_word' id='word_1_112' title='bbox 104 1064 205 1103; x_wconf 81' lang='lat' dir='ltr'>dam</span> <span class='ocrx_word' id='word_1_113' title='bbox 229 1061 321 1102; x_wconf 85' lang='lat' dir='ltr'>eius</span> <span class='ocrx_word' id='word_1_114' title='bbox 340 1062 458 1103; x_wconf 85' lang='lat' dir='ltr'>nacti</span> <span class='ocrx_word' id='word_1_115' title='bbox 480 1063 580 1103; x_wconf 84' lang='lat' dir='ltr'>sunt</span> <span class='ocrx_word' id='word_1_116' title='bbox 611 1061 905 1114; x_wconf 83' lang='lat' dir='ltr'>contrariam3</span> <span class='ocrx_word' id='word_1_117' title='bbox 937 1077 1025 1117; x_wconf 91' lang='lat' dir='ltr'>quo</span> <span class='ocrx_word' id='word_1_118' title='bbox 1045 1065 1093 1104; x_wconf 87' lang='lat' dir='ltr'>fit</span> <span class='ocrx_word' id='word_1_119' title='bbox 1118 1071 1170 1105; x_wconf 82' lang='lat' dir='ltr'>ut</span> <span class='ocrx_word' id='word_1_120' title='bbox 1189 1061 1488 1120; x_wconf 86' lang='lat' dir='ltr'>comprehen-</span> 
     </span>
     <span class='ocr_line' id='line_1_15' title="bbox 103 1129 1491 1186; baseline -0.002 -15"><span class='ocrx_word' id='word_1_121' title='bbox 103 1129 214 1171; x_wconf 82' lang='lat' dir='ltr'>dant</span> <span class='ocrx_word' id='word_1_122' title='bbox 233 1139 277 1169; x_wconf 84' lang='lat' dir='ltr'>et</span> <span class='ocrx_word' id='word_1_123' title='bbox 298 1129 744 1184; x_wconf 70' lang='lat' dir='ltr'>comprehendantur</span> <span class='ocrx_word' id='word_1_124' title='bbox 763 1130 930 1186; x_wconf 83' lang='lat' dir='ltr'>pariter</span> <span class='ocrx_word' id='word_1_125' title='bbox 947 1130 1065 1172; x_wconf 84' lang='lat' dir='ltr'>inter</span> <span class='ocrx_word' id='word_1_126' title='bbox 1094 1132 1136 1172; x_wconf 85' lang='lat' dir='ltr'>se</span> <span class='ocrx_word' id='word_1_127' title='bbox 1154 1132 1216 1173; x_wconf 87' lang='lat' dir='ltr'>sol</span> <span class='ocrx_word' id='word_1_128' title='bbox 1244 1138 1287 1171; x_wconf 85' lang='lat' dir='ltr'>et</span> <span class='ocrx_word' id='word_1_129' title='bbox 1304 1130 1491 1171; x_wconf 82' lang='lat' dir='ltr'>Mercu-</span> 
     </span>
     <span class='ocr_line' id='line_1_16' title="bbox 101 1196 1491 1253; baseline -0.003 -13"><span class='ocrx_word' id='word_1_130' title='bbox 101 1198 197 1240; x_wconf 80' lang='lat' dir='ltr'>rius</span> <span class='ocrx_word' id='word_1_131' title='bbox 230 1204 273 1237; x_wconf 86' lang='lat' dir='ltr'>et</span> <span class='ocrx_word' id='word_1_132' title='bbox 289 1196 481 1238; x_wconf 83' lang='lat' dir='ltr'><strong>Lucifer.</strong></span> <span class='ocrx_word' id='word_1_133' title='bbox 513 1196 688 1253; x_wconf 84' lang='lat' dir='ltr'>reliqua</span> <span class='ocrx_word' id='word_1_134' title='bbox 717 1206 865 1239; x_wconf 86' lang='lat' dir='ltr'>autem</span> <span class='ocrx_word' id='word_1_135' title='bbox 897 1197 1032 1239; x_wconf 88' lang='lat' dir='ltr'>fidera</span> <span class='ocrx_word' id='word_1_136' title='bbox 1060 1213 1146 1253; x_wconf 89' lang='lat' dir='ltr'>quo</span> <span class='ocrx_word' id='word_1_137' title='bbox 1172 1207 1212 1239; x_wconf 83' lang='lat' dir='ltr'>et</span> <span class='ocrx_word' id='word_1_138' title='bbox 1244 1197 1404 1253; x_wconf 90' lang='lat' dir='ltr'>quibus</span> <span class='ocrx_word' id='word_1_139' title='bbox 1434 1197 1491 1237; x_wconf 88' lang='lat' dir='ltr'>de</span> 
     </span>
     <span class='ocr_line' id='line_1_17' title="bbox 104 1263 1489 1322; baseline -0.002 -14"><span class='ocrx_word' id='word_1_140' title='bbox 104 1267 239 1308; x_wconf 79' lang='lat' dir='ltr'>caufis</span> <span class='ocrx_word' id='word_1_141' title='bbox 263 1264 604 1312; x_wconf 82' lang='lat' dir='ltr'>collocaverit‚fi</span> <span class='ocrx_word' id='word_1_142' title='bbox 630 1266 723 1319; x_wconf 84' lang='lat' dir='ltr'>quis</span> <span class='ocrx_word' id='word_1_143' title='bbox 743 1266 946 1322; x_wconf 80' lang='lat' dir='ltr'><strong>persequi</strong></span> <span class='ocrx_word' id='word_1_144' title='bbox 966 1266 1073 1307; x_wconf 83' lang='lat' dir='ltr'>velit</span> <span class='ocrx_word' id='word_1_145' title='bbox 1094 1281 1261 1309; x_wconf 78' lang='lat' dir='ltr'>omnes,</span> <span class='ocrx_word' id='word_1_146' title='bbox 1275 1265 1413 1306; x_wconf 83' lang='lat' dir='ltr'>oratio</span> <span class='ocrx_word' id='word_1_147' title='bbox 1434 1263 1489 1306; x_wconf 87' lang='lat' dir='ltr'>ad</span> 
     </span>
     <span class='ocr_line' id='line_1_18' title="bbox 103 1332 1492 1389; baseline 0 -15"><span class='ocrx_word' id='word_1_148' title='bbox 103 1333 351 1375; x_wconf 86' lang='lat' dir='ltr'>institutum</span> <span class='ocrx_word' id='word_1_149' title='bbox 370 1332 481 1374; x_wconf 84' lang='lat' dir='ltr'>nihil</span> <span class='ocrx_word' id='word_1_150' title='bbox 506 1332 731 1388; x_wconf 82' lang='lat' dir='ltr'>pertinens</span> <span class='ocrx_word' id='word_1_151' title='bbox 753 1334 852 1389; x_wconf 91' lang='lat' dir='ltr'><strong>plus</strong></span> <span class='ocrx_word' id='word_1_152' title='bbox 870 1335 1017 1388; x_wconf 79' lang='lat' dir='ltr'>negoti</span> <span class='ocrx_word' id='word_1_153' title='bbox 1040 1334 1247 1375; x_wconf 82' lang='lat' dir='ltr'>exhibeat</span> <span class='ocrx_word' id='word_1_154' title='bbox 1267 1334 1310 1374; x_wconf 90' lang='lat' dir='ltr'>in</span> <span class='ocrx_word' id='word_1_155' title='bbox 1337 1333 1388 1374; x_wconf 88' lang='lat' dir='ltr'>iis</span> <span class='ocrx_word' id='word_1_156' title='bbox 1407 1346 1492 1374; x_wconf 72' lang='lat' dir='ltr'>ex·-</span> 
     </span>
     <span class='ocr_line' id='line_1_19' title="bbox 104 1400 1490 1460; baseline 0 -18"><span class='ocrx_word' id='word_1_157' title='bbox 104 1400 323 1460; x_wconf 82' lang='lat' dir='ltr'>ponendis</span> <span class='ocrx_word' id='word_1_158' title='bbox 357 1415 552 1455; x_wconf 85' lang='lat' dir='ltr'>quorum</span> <span class='ocrx_word' id='word_1_159' title='bbox 583 1402 711 1443; x_wconf 83' lang='lat' dir='ltr'>causa</span> <span class='ocrx_word' id='word_1_160' title='bbox 740 1402 973 1444; x_wconf 86' lang='lat' dir='ltr'>habeatur.</span> <span class='ocrx_word' id='word_1_161' title='bbox 1005 1403 1115 1444; x_wconf 84' lang='lat' dir='ltr'>haec</span> <span class='ocrx_word' id='word_1_162' title='bbox 1146 1403 1281 1457; x_wconf 83' lang='lat' dir='ltr'>igitur</span> <span class='ocrx_word' id='word_1_163' title='bbox 1306 1401 1490 1443; x_wconf 81' lang='lat' dir='ltr'>forfitan</span> 
     </span>
     <span class='ocr_line' id='line_1_20' title="bbox 108 1469 1491 1528; baseline 0 -18"><span class='ocrx_word' id='word_1_164' title='bbox 108 1485 190 1526; x_wconf 83' lang='lat' dir='ltr'>per</span> <span class='ocrx_word' id='word_1_165' title='bbox 208 1469 347 1510; x_wconf 77' lang='lat' dir='ltr'>otium</span> <span class='ocrx_word' id='word_1_166' title='bbox 365 1469 539 1525; x_wconf 83' lang='lat' dir='ltr'>posthac</span> <span class='ocrx_word' id='word_1_167' title='bbox 557 1470 737 1525; x_wconf 84' lang='lat' dir='ltr'>dignam</span> <span class='ocrx_word' id='word_1_168' title='bbox 753 1470 948 1512; x_wconf 85' lang='lat' dir='ltr'>inveniat</span> <span class='ocrx_word' id='word_1_169' title='bbox 967 1471 1304 1528; x_wconf 75' lang='lat' dir='ltr'>expositionem.</span> <span class='ocrx_word' id='word_1_170' title='bbox 1331 1469 1491 1527; x_wconf 85' lang='lat' dir='ltr'>Quum</span> 
     </span>
     <span class='ocr_line' id='line_1_21' title="bbox 106 1538 1492 1595; baseline 0 -16"><span class='ocrx_word' id='word_1_171' title='bbox 106 1553 216 1579; x_wconf 85' lang='lat' dir='ltr'>vero</span> <span class='ocrx_word' id='word_1_172' title='bbox 234 1538 586 1592; x_wconf 85' lang='lat' dir='ltr'>unumquodque</span> <span class='ocrx_word' id='word_1_173' title='bbox 608 1553 764 1580; x_wconf 86' lang='lat' dir='ltr'>eorum</span> <span class='ocrx_word' id='word_1_174' title='bbox 786 1538 973 1581; x_wconf 76' lang='lat' dir='ltr'>siderum</span> <span class='ocrx_word' id='word_1_175' title='bbox 995 1553 1108 1594; x_wconf 85' lang='lat' dir='ltr'>quae</span> <span class='ocrx_word' id='word_1_176' title='bbox 1128 1538 1362 1595; x_wconf 80' lang='lat' dir='ltr'>oportebat</span> <span class='ocrx_word' id='word_1_177' title='bbox 1382 1546 1492 1580; x_wconf 81' lang='lat' dir='ltr'>tem·</span> 
     </span>
     <span class='ocr_line' id='line_1_22' title="bbox 106 1605 1492 1663; baseline 0.001 -17"><span class='ocrx_word' id='word_1_178' title='bbox 106 1620 193 1662; x_wconf 85' lang='lat' dir='ltr'>pus</span> <span class='ocrx_word' id='word_1_179' title='bbox 217 1621 304 1647; x_wconf 84' lang='lat' dir='ltr'>una</span> <span class='ocrx_word' id='word_1_180' title='bbox 325 1605 547 1646; x_wconf 81' lang='lat' dir='ltr'>conficere</span> <span class='ocrx_word' id='word_1_181' title='bbox 565 1606 741 1647; x_wconf 83' lang='lat' dir='ltr'>cursum</span> <span class='ocrx_word' id='word_1_182' title='bbox 763 1607 974 1647; x_wconf 88' lang='lat' dir='ltr'>decorum</span> <span class='ocrx_word' id='word_1_183' title='bbox 999 1607 1101 1646; x_wconf 82' lang='lat' dir='ltr'>effet</span> <span class='ocrx_word' id='word_1_184' title='bbox 1115 1607 1325 1663; x_wconf 84' lang='lat' dir='ltr'>adeptum</span> <span class='ocrx_word' id='word_1_185' title='bbox 1343 1609 1492 1648; x_wconf 81' lang='lat' dir='ltr'>vincu-</span> 
     </span>
     <span class='ocr_line' id='line_1_23' title="bbox 105 1673 1493 1730; baseline -0.001 -14"><span class='ocrx_word' id='word_1_186' title='bbox 105 1674 248 1728; x_wconf 70' lang='lat' dir='ltr'>lisque</span> <span class='ocrx_word' id='word_1_187' title='bbox 268 1673 532 1715; x_wconf 79' lang='lat' dir='ltr'>animalibus</span> <span class='ocrx_word' id='word_1_188' title='bbox 555 1689 744 1730; x_wconf 84' lang='lat' dir='ltr'>corpora</span> <span class='ocrx_word' id='word_1_189' title='bbox 764 1676 967 1729; x_wconf 80' lang='lat' dir='ltr'>colligata</span> <span class='ocrx_word' id='word_1_190' title='bbox 1000 1674 1243 1715; x_wconf 80' lang='lat' dir='ltr'>animantia</span> <span class='ocrx_word' id='word_1_191' title='bbox 1262 1677 1398 1716; x_wconf 83' lang='lat' dir='ltr'>effent</span> <span class='ocrx_word' id='word_1_192' title='bbox 1421 1673 1493 1715; x_wconf 85' lang='lat' dir='ltr'>fa-</span> 
     </span>
     <span class='ocr_line' id='line_1_24' title="bbox 108 1742 1493 1799; baseline -0.001 -16"><span class='ocrx_word' id='word_1_193' title='bbox 108 1751 180 1783; x_wconf 83' lang='lat' dir='ltr'>cta</span> <span class='ocrx_word' id='word_1_194' title='bbox 194 1751 236 1783; x_wconf 88' lang='lat' dir='ltr'>et</span> <span class='ocrx_word' id='word_1_195' title='bbox 249 1742 573 1799; x_wconf 82' lang='lat' dir='ltr'>praescriptum</span> <span class='ocrx_word' id='word_1_196' title='bbox 588 1742 889 1797; x_wconf 82' lang='lat' dir='ltr'>percepissent,</span> <span class='ocrx_word' id='word_1_197' title='bbox 901 1742 1139 1784; x_wconf 83' lang='lat' dir='ltr'>secundum</span> <span class='ocrx_word' id='word_1_198' title='bbox 1156 1743 1338 1783; x_wconf 83' lang='lat' dir='ltr'>alterius</span> <span class='ocrx_word' id='word_1_199' title='bbox 1358 1753 1493 1784; x_wconf 84' lang='lat' dir='ltr'>natu-</span> 
     </span>
     <span class='ocr_line' id='line_1_25' title="bbox 106 1810 1493 1865; baseline -0.001 -12"><span class='ocrx_word' id='word_1_200' title='bbox 106 1825 184 1853; x_wconf 83' lang='lat' dir='ltr'>rae</span> <span class='ocrx_word' id='word_1_201' title='bbox 207 1810 451 1851; x_wconf 85' lang='lat' dir='ltr'>motionem</span> <span class='ocrx_word' id='word_1_202' title='bbox 474 1811 769 1852; x_wconf 82' lang='lat' dir='ltr'>transversam</span> <span class='ocrx_word' id='word_1_203' title='bbox 790 1824 871 1865; x_wconf 88' lang='lat' dir='ltr'>per</span> <span class='ocrx_word' id='word_1_204' title='bbox 894 1819 1061 1853; x_wconf 85' lang='lat' dir='ltr'>motum</span> <span class='ocrx_word' id='word_1_205' title='bbox 1084 1810 1281 1852; x_wconf 89' lang='lat' dir='ltr'>eiusdem</span> <span class='ocrx_word' id='word_1_206' title='bbox 1304 1820 1493 1853; x_wconf 83' lang='lat' dir='ltr'>naturae</span> 
     </span>
     <span class='ocr_line' id='line_1_26' title="bbox 109 1877 1493 1933; baseline 0 -13"><span class='ocrx_word' id='word_1_207' title='bbox 109 1886 294 1920; x_wconf 82' lang='lat' dir='ltr'>euntem</span> <span class='ocrx_word' id='word_1_208' title='bbox 325 1885 367 1918; x_wconf 87' lang='lat' dir='ltr'>et</span> <span class='ocrx_word' id='word_1_209' title='bbox 390 1878 641 1933; x_wconf 75' lang='lat' dir='ltr'>superatam</span> <span class='ocrx_word' id='word_1_210' title='bbox 668 1878 754 1919; x_wconf 87' lang='lat' dir='ltr'>alia</span> <span class='ocrx_word' id='word_1_211' title='bbox 776 1878 1015 1929; x_wconf 84' lang='lat' dir='ltr'>maiorem,</span> <span class='ocrx_word' id='word_1_212' title='bbox 1046 1877 1132 1920; x_wconf 82' lang='lat' dir='ltr'>alia</span> <span class='ocrx_word' id='word_1_213' title='bbox 1160 1877 1381 1920; x_wconf 87' lang='lat' dir='ltr'>minorem</span> <span class='ocrx_word' id='word_1_214' title='bbox 1416 1895 1493 1920; x_wconf 78' lang='lat'>01·-</span> 
     </span>
     <span class='ocr_line' id='line_1_27' title="bbox 106 1946 1496 2002; baseline 0 -13"><span class='ocrx_word' id='word_1_215' title='bbox 106 1948 210 1989; x_wconf 88' lang='lat' dir='ltr'>bem</span> <span class='ocrx_word' id='word_1_216' title='bbox 228 1946 487 1997; x_wconf 79' lang='lat' dir='ltr'>lustrarunt,</span> <span class='ocrx_word' id='word_1_217' title='bbox 521 1947 705 1989; x_wconf 84' lang='lat' dir='ltr'>celerius</span> <span class='ocrx_word' id='word_1_218' title='bbox 722 1961 837 2002; x_wconf 83' lang='lat' dir='ltr'>quae</span> <span class='ocrx_word' id='word_1_219' title='bbox 860 1946 1079 1989; x_wconf 82' lang='lat' dir='ltr'>minorem</span> <span class='ocrx_word' id='word_1_220' title='bbox 1095 1979 1106 1998; x_wconf 81' lang='grc'>,</span> <span class='ocrx_word' id='word_1_221' title='bbox 1130 1962 1244 2002; x_wconf 82' lang='lat' dir='ltr'>quae</span> <span class='ocrx_word' id='word_1_222' title='bbox 1263 1962 1372 1989; x_wconf 87' lang='lat' dir='ltr'>vero</span> <span class='ocrx_word' id='word_1_223' title='bbox 1395 1962 1496 1989; x_wconf 85' lang='lat' dir='ltr'>ma-</span> 
     </span>
     <span class='ocr_line' id='line_1_28' title="bbox 107 2015 1495 2071; baseline -0.001 -13"><span class='ocrx_word' id='word_1_224' title='bbox 107 2016 252 2059; x_wconf 85' lang='lat' dir='ltr'>iorem</span> <span class='ocrx_word' id='word_1_225' title='bbox 271 2015 455 2067; x_wconf 84' lang='lat' dir='ltr'>tardius,</span> <span class='ocrx_word' id='word_1_226' title='bbox 475 2015 670 2056; x_wconf 84' lang='lat' dir='ltr'>motione</span> <span class='ocrx_word' id='word_1_227' title='bbox 693 2023 840 2057; x_wconf 86' lang='lat' dir='ltr'>autem</span> <span class='ocrx_word' id='word_1_228' title='bbox 864 2015 1060 2056; x_wconf 88' lang='lat' dir='ltr'>eiusdem</span> <span class='ocrx_word' id='word_1_229' title='bbox 1082 2023 1268 2057; x_wconf 82' lang='lat' dir='ltr'>naturae</span> <span class='ocrx_word' id='word_1_230' title='bbox 1288 2030 1400 2071; x_wconf 86' lang='lat' dir='ltr'>quae</span> <span class='ocrx_word' id='word_1_231' title='bbox 1422 2031 1495 2057; x_wconf 84' lang='lat' dir='ltr'>ve·</span> 
     </span>
     <span class='ocr_line' id='line_1_29' title="bbox 108 2083 1495 2140; baseline -0.002 -12"><span class='ocrx_word' id='word_1_232' title='bbox 108 2084 318 2128; x_wconf 83' lang='lat' dir='ltr'>locisfime</span> <span class='ocrx_word' id='word_1_233' title='bbox 337 2083 637 2125; x_wconf 85' lang='lat' dir='ltr'>volvebantur</span> <span class='ocrx_word' id='word_1_234' title='bbox 655 2100 680 2125; x_wconf 87' lang='lat' dir='ltr'>a</span> <span class='ocrx_word' id='word_1_235' title='bbox 702 2084 969 2126; x_wconf 80' lang='lat' dir='ltr'>tardioribus</span> <span class='ocrx_word' id='word_1_236' title='bbox 985 2085 1073 2126; x_wconf 85' lang='lat' dir='ltr'>visa</span> <span class='ocrx_word' id='word_1_237' title='bbox 1096 2087 1192 2127; x_wconf 81' lang='lat' dir='ltr'>sunt</span> <span class='ocrx_word' id='word_1_238' title='bbox 1206 2099 1344 2140; x_wconf 88' lang='lat' dir='ltr'>quum</span> <span class='ocrx_word' id='word_1_239' title='bbox 1361 2084 1495 2139; x_wconf 84' lang='lat' dir='ltr'>supe-</span> 
     </span>
     <span class='ocr_line' id='line_1_30' title="bbox 111 2152 1492 2210; baseline 0 -15"><span class='ocrx_word' id='word_1_240' title='bbox 111 2160 266 2195; x_wconf 78' lang='lat' dir='ltr'>rarent</span> <span class='ocrx_word' id='word_1_241' title='bbox 290 2153 514 2208; x_wconf 69' lang='lat' dir='ltr'>superarig</span> <span class='ocrx_word' id='word_1_242' title='bbox 546 2168 700 2195; x_wconf 87' lang='lat' dir='ltr'>omnes</span> <span class='ocrx_word' id='word_1_243' title='bbox 718 2153 838 2195; x_wconf 88' lang='lat' dir='ltr'>enim</span> <span class='ocrx_word' id='word_1_244' title='bbox 863 2167 1020 2194; x_wconf 85' lang='lat' dir='ltr'>eorum</span> <span class='ocrx_word' id='word_1_245' title='bbox 1045 2152 1171 2193; x_wconf 82' lang='lat' dir='ltr'>orbes</span> <span class='ocrx_word' id='word_1_246' title='bbox 1192 2153 1325 2193; x_wconf 84' lang='lat' dir='ltr'>instar</span> <span class='ocrx_word' id='word_1_247' title='bbox 1346 2153 1492 2210; x_wconf 80' lang='lat' dir='ltr'>spirae</span> 
     </span>
     <span class='ocr_line' id='line_1_31' title="bbox 111 2220 1496 2275; baseline 0 -13"><span class='ocrx_word' id='word_1_248' title='bbox 111 2228 305 2268; x_wconf 78' lang='lat' dir='ltr'>vertens,</span> <span class='ocrx_word' id='word_1_249' title='bbox 320 2234 370 2260; x_wconf 90' lang='lat' dir='ltr'>eo</span> <span class='ocrx_word' id='word_1_250' title='bbox 383 2221 500 2275; x_wconf 86' lang='lat' dir='ltr'>quod</span> <span class='ocrx_word' id='word_1_251' title='bbox 516 2220 721 2263; x_wconf 86' lang='lat' dir='ltr'>bifariam</span> <span class='ocrx_word' id='word_1_252' title='bbox 735 2223 956 2263; x_wconf 80' lang='lat' dir='ltr'>contrarie</span> <span class='ocrx_word' id='word_1_253' title='bbox 966 2220 1089 2262; x_wconf 87' lang='lat' dir='ltr'>fimul</span> <span class='ocrx_word' id='word_1_254' title='bbox 1108 2220 1418 2275; x_wconf 79' lang='lat' dir='ltr'>procedebant,</span> <span class='ocrx_word' id='word_1_255' title='bbox 1434 2222 1496 2263; x_wconf 86' lang='lat' dir='ltr'>ef-</span> 
     </span>
     <span class='ocr_line' id='line_1_32' title="bbox 113 2286 1495 2346; baseline 0.001 -16"><span class='ocrx_word' id='word_1_256' title='bbox 113 2286 219 2330; x_wconf 88' lang='lat' dir='ltr'>fecit</span> <span class='ocrx_word' id='word_1_257' title='bbox 239 2296 301 2339; x_wconf 82' lang='lat' dir='ltr'>ut,</span> <span class='ocrx_word' id='word_1_258' title='bbox 315 2288 429 2344; x_wconf 86' lang='lat' dir='ltr'>quod</span> <span class='ocrx_word' id='word_1_259' title='bbox 443 2289 741 2331; x_wconf 83' lang='lat' dir='ltr'>tardisfimeab</span> <span class='ocrx_word' id='word_1_260' title='bbox 753 2289 842 2346; x_wconf 85' lang='lat' dir='ltr'>ipsa</span> <span class='ocrx_word' id='word_1_261' title='bbox 858 2304 969 2344; x_wconf 89' lang='lat' dir='ltr'>quae</span> <span class='ocrx_word' id='word_1_262' title='bbox 983 2287 1244 2330; x_wconf 77' lang='lat' dir='ltr'>velocisfima</span> <span class='ocrx_word' id='word_1_263' title='bbox 1259 2299 1352 2332; x_wconf 86' lang='lat' dir='ltr'>erat</span> <span class='ocrx_word' id='word_1_264' title='bbox 1365 2291 1495 2332; x_wconf 78' lang='lat' dir='ltr'>disce-</span> 
     </span>
     <span class='ocr_line' id='line_1_33' title="bbox 115 2356 1497 2416; baseline 0.002 -18"><span class='ocrx_word' id='word_1_265' title='bbox 115 2356 297 2407; x_wconf 78' lang='lat' dir='ltr'>deret,id</span> <span class='ocrx_word' id='word_1_266' title='bbox 310 2357 565 2413; x_wconf 80' lang='lat' dir='ltr'>proximum</span> <span class='ocrx_word' id='word_1_267' title='bbox 586 2358 820 2401; x_wconf 81' lang='lat' dir='ltr'>videretur.</span> <span class='ocrx_word' id='word_1_268' title='bbox 835 2366 967 2413; x_wconf 84' lang='lat' dir='ltr'>atque</span> <span class='ocrx_word' id='word_1_269' title='bbox 979 2364 1025 2397; x_wconf 87' lang='lat' dir='ltr'>ut</span> <span class='ocrx_word' id='word_1_270' title='bbox 1038 2359 1137 2399; x_wconf 70' lang='lat' dir='ltr'>effet</span> <span class='ocrx_word' id='word_1_271' title='bbox 1149 2359 1352 2401; x_wconf 82' lang='lat' dir='ltr'>mensura</span> <span class='ocrx_word' id='word_1_272' title='bbox 1366 2375 1497 2416; x_wconf 88' lang='lat' dir='ltr'>quae-</span> 
     </span>
     <span class='ocr_line' id='line_1_34' title="bbox 116 2424 1495 2482; baseline 0.001 -15"><span class='ocrx_word' id='word_1_273' title='bbox 116 2425 219 2468; x_wconf 80' lang='lat' dir='ltr'>dam</span> <span class='ocrx_word' id='word_1_274' title='bbox 244 2424 421 2467; x_wconf 84' lang='lat' dir='ltr'>evidens</span> <span class='ocrx_word' id='word_1_275' title='bbox 443 2440 530 2482; x_wconf 86' lang='lat' dir='ltr'>qua</span> <span class='ocrx_word' id='word_1_276' title='bbox 547 2426 665 2469; x_wconf 87' lang='lat' dir='ltr'>inter</span> <span class='ocrx_word' id='word_1_277' title='bbox 677 2428 725 2481; x_wconf 14' lang='lat' dir='ltr'>se*</span> <span class='ocrx_word' id='word_1_278' title='bbox 737 2425 943 2470; x_wconf 77' lang='lat' dir='ltr'>tarditate</span> <span class='ocrx_word' id='word_1_279' title='bbox 955 2433 996 2468; x_wconf 86' lang='lat' dir='ltr'>et</span> <span class='ocrx_word' id='word_1_280' title='bbox 1014 2425 1237 2469; x_wconf 79' lang='lat' dir='ltr'>celeritate</span> <span class='ocrx_word' id='word_1_281' title='bbox 1252 2428 1324 2471; x_wconf 84' lang='lat' dir='ltr'>illa</span> <span class='ocrx_word' id='word_1_282' title='bbox 1343 2429 1389 2471; x_wconf 87' lang='lat' dir='ltr'>in</span> <span class='ocrx_word' id='word_1_283' title='bbox 1411 2429 1495 2469; x_wconf 58' lang='lat' dir='ltr'>istis</span> 
     </span>
    </p>
   </div>
  </div>
 </body>
</html>
