1657 2876
671 106 1001 151 TIMAEUS.
1444 105 1519 149 181

139 235 228 278 que
247 224 350 274 effe,
382 236 470 264 non
489 219 607 262 aliud
632 234 716 274 pro
738 226 862 260 certo
882 219 979 271 quis
999 220 1289 264 affirmaverit
1320 222 1404 262 fine
1431 235 1523 277 pu-

139 291 277 332 dore?
298 289 391 331 fieri
409 303 494 330 non
518 288 675 344 potest,
698 287 770 329 sed
793 288 1048 328 tutisfimum
1073 289 1196 345 long:-
1211 290 1342 331 dehis
1366 289 1420 330 ita
1442 291 1521 331 sta-

138 365 267 399 mere
291 365 334 399 et
359 357 526 405 dicere,
560 363 611 395 ut
633 356 801 411 semper
835 355 950 410 quod
984 370 1218 397 cernamus
1256 358 1360 397 alias
1394 358 1521 399 aliter

135 425 257 472 sieri,
288 433 338 466 ut
357 424 505 479 ignem
521 453 531 468 ‚
565 438 655 464 non
675 423 760 464 hoc
779 423 1088 474 nominemus,
1122 424 1193 464 sed
1226 426 1310 464 tale
1334 427 1521 481 semper,

134 493 284 549 iguem
299 525 310 543 ‚
341 505 486 545 neque
507 506 669 543 aquam
690 492 805 533 hanc
827 490 1043 537 dicamus,
1080 492 1150 533 sed
1173 493 1304 533 vale-‚n
1330 495 1518 550 semper,

133 575 281 615 neque
326 559 488 616 aliquid
553 559 671 600 aliud
724 568 952 614 tamquam
999 558 1274 601 stabilitatem
1322 562 1518 616 aliquam

131 628 299 669 habens
331 643 383 669 ex
420 627 472 668 iis
497 642 606 682 quae
640 626 883 669 indicantes
915 642 994 668 nos
1026 627 1346 670 vocabulorum
1368 631 1449 672 hoc
1475 637 1519 672 et

130 694 248 753 rstud
275 696 357 737 usu
393 695 632 750 significare
667 696 833 750 aliquid
867 695 1162 742 arbitramur:
1209 696 1362 752 effugit
1393 698 1515 739 enim

127 778 220 804 non
253 778 438 805 manens
465 763 678 804 dictiones
719 763 798 805 7100-
828 772 872 804 et
903 764 1037 806 lmius
1067 771 1109 804 et
1141 763 1244 806 haic
1271 780 1516 817 omnesque

128 847 243 888 quae
263 841 312 874 ut
333 831 496 873 stabilia
530 832 600 873 illa
627 832 893 888 fignificantg,
924 840 970 873 at
997 831 1106 874 hae-c
1129 832 1309 888 quidem
1345 834 1516 888 singula

126 914 218 941 non
257 907 431 956 oportet
462 899 567 951 dici,
619 901 689 941 sed
725 902 809 941 tale
841 902 1014 958 semper
1045 902 1162 955 quod
1207 901 1295 943 huc
1327 909 1369 943 et
1406 902 1516 944 illuc

125 967 297 1009 seratur
318 968 452 1009 simile
472 967 518 1008 in
538 967 712 1024 singulis
734 965 775 1010 et
795 969 1005 1011 universis
1027 971 1231 1023 usurpari
1249 987 1264 1020 ς
1281 978 1415 1025 alque
1443 978 1514 1012 et-

124 1035 213 1076 iam
237 1035 386 1090 ignem
418 1051 739 1092 usquequaque
759 1037 893 1078 talem
909 1068 920 1088 ,
942 1038 1182 1092 omniaque
1205 1052 1515 1095 quaecumque

123 1113 275 1147 ortum
296 1105 475 1146 habent.
506 1105 554 1145 in
575 1119 665 1159 quo
688 1112 838 1145 autem
871 1119 1073 1159 quaeque
1102 1120 1257 1146 eorum
1287 1107 1513 1148 nascentia

122 1174 210 1213 sese
243 1172 458 1213 exhibent
495 1173 734 1227 rursusque
772 1173 894 1213 istinc
923 1174 1208 1223 evanescunt,
1247 1174 1331 1215 lice
1368 1175 1511 1216 solnm

121 1239 404 1284 afficiendum
435 1241 492 1280 est
512 1239 769 1280 nominibus
793 1239 874 1281 Ῐιοο
901 1248 943 1280 et
967 1238 1105 1296 ζἸἰιιᾶ,
1138 1243 1254 1295 quod
1285 1257 1393 1283 vero
1425 1243 1513 1283 tale

121 1310 226 1365 quid
244 1309 570 1365 qualecumque
585 1308 654 1358 est,
667 1308 856 1349 calidum
874 1309 944 1350 vel
964 1308 1114 1349 album
1130 1309 1510 1363 velquidviscon-

119 1377 362 1421 uariorum
387 1375 626 1431 omniaque
647 1389 955 1431 quaecumque
972 1391 1027 1417 ex
1059 1376 1126 1417 his
1145 1377 1511 1433 proficiscuntur,

117 1445 283 1487 horum
315 1443 426 1484 nihil
449 1443 510 1484 ita
543 1443 877 1500 appellandum.
917 1444 1050 1487 etiam
1082 1444 1316 1487 dilucidius
1345 1446 1400 1487 de
1424 1446 1508 1488 hoc

118 1511 370 1555 conandum
394 1512 448 1552 est
465 1526 704 1567 exponere.
736 1514 763 1553 fi
783 1513 884 1568 quis
906 1515 1026 1554 enim
1048 1513 1385 1570 omneslingens
1410 1513 1508 1555 for-

116 1596 213 1624 mas
233 1595 291 1622 ex
315 1595 425 1621 auro
466 1580 579 1622 nihil
605 1581 770 1623 desinat
792 1596 1015 1638 quamque
1037 1581 1082 1622 in
1106 1596 1263 1623 omnes
1284 1583 1508 1624 transfor-

114 1664 262 1701 mare,
306 1656 347 1689 et
377 1649 573 1691 ostendat
606 1649 763 1705 aliquis
802 1664 941 1691 unam
982 1664 1137 1692 earum
1169 1649 1509 1706 interrogetque-

115 1717 222 1774 quid
243 1717 421 1759 tandem
446 1720 519 1766 fit,
552 1719 679 1773 longe
710 1718 763 1760 ad
792 1717 1030 1760 veritatem
1060 1717 1331 1760 tutissimum
1358 1719 1404 1759 fit
1432 1717 1506 1759 di·-

114 1801 237 1838 cere,
261 1801 424 1826 aurum
447 1789 553 1838 effe,
576 1786 852 1839 triangulum
875 1801 983 1827 vero
1004 1793 1047 1827 et
1066 1800 1372 1842 quaecumque
1391 1787 1504 1828 aliae

111 1855 288 1897 formae
309 1854 509 1904 inerant,
544 1869 790 1910 numquam
811 1854 960 1896 dicere
987 1854 1066 1896 has
1087 1869 1194 1897 vere
1214 1857 1311 1904 esse,
1332 1853 1503 1910 quippe

112 1937 226 1979 quae
250 1922 357 1964 dum
390 1933 617 1980 ponantur
640 1930 897 1975 mutentur,
930 1923 1025 1975 sed,
1056 1923 1086 1964 fi
1105 1923 1188 1964 hoc
1208 1938 1310 1964 cum
1331 1922 1501 1964 securi-

110 1999 202 2034 tate
246 1990 354 2033 velit
377 1991 608 2046 accipere,
660 1991 949 2047 acquiescere.
993 1991 1148 2034 eadem
1180 1991 1318 2047 igitur
1354 1990 1496 2032 oratio

108 2059 365 2116 usurpanda
386 2061 443 2101 est
471 2059 605 2101 eiiam
628 2058 682 2101 de
714 2067 876 2101 natura
900 2060 1054 2102 onmia
1070 2059 1312 2116 recipiente
1336 2073 1498 2114 corpo-

108 2143 183 2179 ra3
215 2128 370 2169 eadem
394 2130 567 2185 semper
584 2128 870 2185 appellandam
903 2143 926 2169 e
958 2130 1034 2170 sua
1060 2130 1178 2170 enim
1198 2127 1291 2183 ipsa
1324 2125 1369 2167 vi
1392 2140 1495 2166 om-

110 2197 216 2237 nino
229 2211 317 2237 non
332 2195 518 2237 excedit.
541 2197 703 2238 etenim
720 2196 877 2254 recipit
894 2198 1069 2253 semper
1082 2195 1246 2246 omnia,
1259 2209 1341 2236 nec
1352 2192 1494 2236 ullam

108 2277 322 2319 umquam
342 2264 472 2305 alicui
498 2279 651 2306 eorum
674 2279 785 2321 quae
807 2265 977 2307 intrant
1000 2263 1180 2306 fimilem
1202 2261 1399 2305 formam
1419 2263 1494 2304 ul-

107 2332 150 2374 lo
193 2333 324 2373 modo
357 2331 496 2388 capit;
531 2334 696 2375 etenim
721 2341 772 2375 ut
801 2333 990 2376 materia
1014 2346 1069 2374 ex
1090 2345 1178 2385 qua
1200 2331 1374 2372 formae
1409 2344 1492 2370 ex-

105 2400 368 2458 primuntur
393 2409 553 2442 natura
586 2401 793 2444 omnibus
824 2401 1042 2459 proposita
1069 2400 1146 2449 est,
1179 2400 1342 2456 agitata
1370 2406 1412 2439 et
1433 2397 1491 2438 fi·-

103 2477 263 2524 gnrata
299 2467 352 2507 ab
386 2469 446 2509 eis
479 2484 591 2523 quae
624 2470 821 2522 intrant3
854 2477 898 2511 et
929 2467 1104 2510 videtur
1133 2483 1213 2525 per
1242 2467 1351 2509 haec
1384 2464 1488 2507 alias

105 2536 217 2587 alia3
250 2550 297 2576 ea
328 2551 432 2578 vero
453 2551 564 2590 quae
595 2538 909 2593 ingrediuntur
947 2543 988 2578 ct
1017 2536 1302 2590 egrediuntur
1329 2547 1486 2576 eorum

105 2618 218 2662 quae
247 2606 420 2663 semper
444 2606 612 2649 exstant
641 2606 870 2649 fimulacra
903 2605 1029 2657 sunt,
1060 2603 1165 2648 ficta
1193 2605 1248 2649 ab
1271 2604 1330 2647 eis
1351 2600 1486 2645 modo
