1657 2876
617 147 912 193 POLITIA
949 149 1032 192 IX.
1490 151 1515 197 5

132 265 396 312 melioribus
427 261 741 320 cupiditatibus
770 263 954 305 iuvante
987 264 1160 306 ratione
1196 280 1222 308 a
1248 266 1514 323 quibusdam

130 333 392 383 hominibus
421 331 494 372 vel
523 333 702 388 prorsus
726 332 952 373 discedant
976 333 1045 373 vel
1068 347 1231 388 paucae
1255 336 1516 392 relinquan-

132 411 207 446 tur
236 409 370 456 atque
405 399 679 452 imbecillae,
719 400 765 442 in
791 401 886 443 aliis
906 414 1017 442 vero
1043 400 1251 442 fortiores
1271 418 1322 444 ac
1353 405 1515 459 plures.

131 471 379 527 Quasnam,
410 469 569 525 inquit,
602 469 741 512 dicis?
771 470 881 516 Eas,
912 470 1116 524 inquam,
1149 472 1327 525 quaein
1361 474 1516 515 somno

129 538 396 586 excitantur,
416 551 558 591 quum
576 539 777 592 reliquae
802 537 940 579 animi
964 546 1110 594 partes
1128 539 1371 591 dormiunt,
1404 556 1518 596 quae

128 605 312 649 rationis
349 605 451 646 funt
486 606 722 663 participes
748 614 790 647 et
827 608 1083 648 mansuetae
1115 623 1310 662 eumque
1340 618 1518 662 regunt,

127 674 338 716 immanis
377 681 525 715 autem
555 689 606 716 ac
636 673 745 723 fera,
782 676 850 716 vel
875 675 973 716 cibo
1000 677 1066 716 vel
1089 675 1196 716 vino
1226 678 1404 724 onusta,
1436 693 1519 718 ex-

130 743 262 785 sultat
297 743 541 797 somnoque
569 743 749 800 depulso
773 744 912 785 studet
937 745 1182 800 procedere
1224 753 1266 785 et
1297 745 1520 801 cupidita-

127 819 194 854 tes
213 813 336 863 suas,
368 818 417 852 ut
436 811 558 861 solet,
592 812 783 868 explere.
822 813 898 852 scis
931 813 1081 853 omnia
1108 829 1209 854 eum
1235 814 1400 854 audere
1424 822 1521 855 tum

125 879 291 928 facere,
315 879 482 936 quippe
497 880 620 920 omni
637 881 828 922 solutum
854 889 988 936 atque
1007 881 1248 923 liberatum
1275 883 1448 938 pudore
1470 897 1521 924 ac

125 947 389 1006 prudentia;
404 952 677 1004 nequeenim
694 964 796 991 cum
815 958 958 991 matre
971 966 1075 991 eum
1090 951 1238 992 vereri
1258 965 1417 1007 corpus
1431 950 1522 992 mi-

126 1017 259 1069 scere,
291 1024 341 1057 ut
361 1016 436 1058 fibi
456 1017 680 1069 videatur,
701 1033 846 1073 neque
866 1032 967 1058 cum
991 1018 1148 1073 quovis
1168 1018 1253 1060 alio
1275 1021 1347 1060 vel
1368 1019 1522 1060 homi-

127 1100 238 1127 num
258 1085 329 1125 vel
358 1086 543 1125 deorum
580 1086 649 1126 vel
677 1085 955 1132 belluarum,
985 1094 1117 1141 atque
1137 1087 1270 1128 etiam
1297 1088 1521 1129 trucidare

126 1152 330 1208 quidvis,
365 1167 445 1192 nec
478 1153 572 1192 ullo
597 1153 641 1192 se
676 1153 897 1195 abstinere
935 1152 1061 1200 cibo,
1095 1162 1228 1207 atque
1258 1171 1349 1196 uno
1378 1155 1520 1197 verbo

127 1236 277 1277 neque
300 1219 563 1262 temeritatis
581 1220 708 1275 quicq
719 1236 821 1263 uam
843 1222 1099 1276 relinquere
1121 1236 1264 1277 neque
1276 1222 1522 1278 impuden-

128 1290 226 1333 tiae.
274 1289 541 1337 verissime,
580 1287 746 1343 iuquit,
779 1289 899 1333 dicis.
963 1289 1160 1343 Quando
1182 1305 1310 1341 vero,
1346 1290 1522 1346 opinor,

126 1359 234 1400 sano
258 1358 354 1414 quis
379 1359 435 1399 est
467 1358 575 1398 flatu
609 1365 742 1412 atque
772 1366 1021 1415 temperato
1047 1365 1091 1398 et
1114 1358 1172 1400 ita
1191 1359 1331 1414 quieti
1355 1360 1400 1399 se
1422 1367 1523 1401 tra-

127 1427 218 1479 dit,
248 1428 279 1468 fi
305 1442 403 1469 eam
436 1434 611 1482 partem
653 1426 815 1475 animi,
858 1441 973 1481 quae
1005 1426 1166 1470 mentis
1197 1434 1239 1467 et
1273 1427 1421 1468 consili
1451 1428 1523 1480 est,

129 1495 346 1537 excitavit
378 1494 592 1550 bonisque
625 1494 839 1537 saturavit
864 1504 904 1536 et
927 1492 1202 1536 sermonibus
1228 1502 1267 1535 et
1289 1494 1526 1550 cogitatio-

128 1563 273 1611 nibus,
304 1570 481 1621 partem
509 1570 663 1604 contra
689 1564 742 1604 ad
775 1562 1043 1620 cupiditates
1074 1563 1344 1619 propensam
1378 1577 1526 1616 neque

129 1631 284 1687 inopia
308 1632 488 1671 enecuit
512 1646 658 1678 neque
678 1632 878 1673 satietate
898 1630 1115 1681 oneravit,
1147 1639 1199 1671 ut
1222 1630 1418 1684 sopiatur
1445 1645 1526 1672 nec

128 1699 284 1740 turbas
295 1697 665 1752 efficiat-optimae
677 1698 794 1753 parti
813 1698 1047 1752 gaudendo
1063 1699 1130 1737 vel
1147 1698 1360 1748 dolendo,
1376 1698 1446 1738 sed
1463 1699 1526 1739 so·

131 1768 222 1810 lam
245 1781 340 1808 eam
358 1780 433 1821 per
447 1766 487 1804 sc
500 1767 610 1805 final.
625 1781 785 1820 puram
799 1765 1094 1819 contemplari
1109 1765 1290 1818 eiusque
1311 1774 1526 1820 appetere

127 1832 596 1894 perceptionem'quod
619 1833 804 1887 ignoret,
818 1833 889 1871 vel
907 1831 1242 1886 praeteritorum
1257 1833 1440 1874 alicuius
1454 1834 1527 1875 vel

129 1904 430 1962 praesentium
448 1901 520 1942 vel
542 1901 820 1948 futurorum,
845 1900 1091 1953 eodemque
1114 1901 1248 1940 modo
1270 1901 1402 1943 etiam
1431 1902 1524 1944 ira-

129 1973 275 2014 cunda
295 1979 423 2026 parte
442 1969 587 2010 sedata
608 1969 667 2009 ita
697 1968 965 2021 conquiescit
986 1975 1036 2007 ut
1050 1967 1221 2009 animus
1232 1969 1276 2009 in
1294 1969 1526 2011 neminem

129 2039 362 2082 iracundia
394 2037 696 2078 inflammatus
731 2037 778 2078 fit
809 2044 943 2090 atque
974 2044 1251 2084 commotus,
1296 2036 1366 2088 sed
1398 2053 1527 2079 com-

130 2109 286 2165 pressis
315 2106 484 2149 duabus
509 2106 596 2147 illis
622 2105 844 2161 partibus,
878 2104 1007 2145 teriia
1029 2116 1141 2145 Vei-0
1169 2105 1243 2147 illa
1270 2105 1453 2147 rationis
1484 2113 1529 2146 et

130 2176 292 2218 mentis
315 2183 458 2216 erecta
487 2175 625 2229 quieti
652 2174 692 2214 se
719 2174 870 2219 tradit,
891 2174 970 2212 scis
997 2173 1230 2215 veritatem
1255 2181 1351 2214 tuin
1377 2174 1528 2215 maxi-

132 2259 206 2288 me
228 2258 329 2285 eum
366 2243 582 2298 attingere
604 2243 880 2295 minimeque
906 2240 1145 2282 somus-nni
1171 2242 1264 2284 visa
1288 2255 1528 2284 occurrere

133 2328 158 2354 a
179 2312 347 2366 legibus
368 2312 534 2353 aversa.
596 2311 778 2351 Prorsus
800 2308 978 2364 quidem
994 2342 1004 2357 ,
1037 2310 1195 2365 iuquit,
1228 2310 1287 2352 ita
1310 2310 1524 2353 existimo.

131 2381 190 2423 Et
213 2380 298 2421 hoc
323 2380 504 2433 quidem
529 2387 577 2419 ut
599 2378 793 2420 diffusius
819 2378 1144 2432 explicaremus
1165 2378 1330 2420 inducti
1351 2379 1529 2428 sumum

134 2449 253 2504 quod
279 2455 428 2489 autem
448 2448 706 2489 volebamus
727 2448 1006 2501 cognoscere,
1022 2445 1105 2486 hoc
1129 2447 1209 2486 est:
1232 2462 1328 2502 grai
1345 2446 1530 2502 equod-

135 2517 237 2558 dam
260 2524 304 2556 et
336 2514 485 2556 ferum
520 2524 562 2556 et
590 2531 614 2556 a
650 2515 819 2569 legibus
842 2514 1049 2555 aversum
1073 2512 1368 2570 cupiditatum
1389 2528 1526 2570 genus

133 2583 181 2625 in
201 2597 378 2639 quoque.
406 2584 553 2634 inesse,
578 2583 710 2625 etiam
733 2585 778 2624 in
803 2582 1025 2638 aliquibus
1050 2581 1102 2622 de
1122 2581 1247 2624 nobis
1269 2583 1343 2638 qui
1367 2582 1527 2624 admo-

136 2651 244 2695 dum
272 2651 490 2694 moderati
508 2651 758 2703 {videantur
792 2656 888 2695 esse.
933 2650 1052 2708 quod
1085 2651 1265 2706 quidem
1295 2648 1525 2693 insomnis

1151 2719 1245 2761 A2
