1657 2876
615 83 909 129 r-omTlA
946 83 1002 131 X.
1429 81 1485 131 55

95 199 233 252 facin
263 197 447 244 nonne?
476 196 617 244 Vero,
647 197 820 252 inquit,
851 197 926 239 hio
948 213 1128 254 quoque
1143 200 1278 242 talem
1309 198 1383 254 qni
1408 199 1485 240 vi-

99 271 245 314 detur.
304 265 425 325 Quid
450 280 560 307 vero
592 265 667 320 qui
693 265 829 306 lectos
847 265 984 307 facit?
1015 279 1167 310 nonne
1195 269 1329 311 modo
1359 268 1483 311 dice-

97 342 175 384 bas
205 352 294 381 non
319 334 508 387 speciem
531 347 636 374 eum
666 332 815 376 facere
837 349 969 390 quam
1003 336 1183 390 quidem
1213 339 1376 380 lectum
1401 351 1484 395 per

96 411 140 452 se
163 407 378 454 dicimus,
411 402 483 444 sed
508 402 678 443 lectum
700 403 893 457 aliquem
909 403 930 444 ⁴?
960 403 1176 445 Dicebam
1200 420 1325 447 vero.
1364 406 1484 449 Non.

94 478 207 525 ne,s1
224 488 314 518 non
329 471 448 529 quod
470 471 604 527 perse
616 471 672 512 est
687 469 803 517 facit.
816 485 903 512 non
919 473 1039 527 quod
1055 487 1160 514 vere
1175 475 1232 514 est
1255 473 1396 519 faciet,
1411 473 1483 517 (ed

95 543 259 602 aliquid
275 540 391 597 quod
409 541 496 581 tale
516 540 572 580 est
591 540 721 594 quale
739 540 783 581 id
794 540 911 595 quod
932 552 1037 580 vere
1059 541 1128 593 est,
1142 543 1361 596 nonquod
1379 557 1484 585 vere

95 615 164 660 est,
180 610 373 668 perfecte
385 616 535 650 aute-m
549 610 633 649 esse
647 608 861 649 lectorum
875 607 1153 651 fabricatoris
1163 625 1275 666 opus
1288 612 1358 652 vel
1371 612 1482 654 alius

93 679 339 737 cuiuspiam
355 675 526 735 opificis
545 691 683 718 manu
707 676 812 732 quid
841 675 1038 718 facientis
1059 678 1086 717 fi
1106 679 1205 732 quis
1218 678 1395 726 dixerit.
1411 680 1482 721 vi..

93 749 223 792 detur
244 762 335 790 non
358 760 515 788 verum
537 744 734 786 dicturus
759 744 875 787 effe?
902 744 1035 786 Nullo
1060 747 1208 794 modo,
1239 746 1399 802 inquit,
1432 755 1483 791 ut

93 817 271 874 quidem
305 813 532 856 videbitur
563 812 623 853 eis
646 812 717 868 qui
742 811 997 854 huiusmodi
1028 814 1072 856 in
1105 814 1481 872 disputationibus

98 885 340 927 versantur.
398 882 521 925 Nihil
542 881 680 935 igitur
705 881 923 922 miremur
945 884 972 924 fi
1002 883 1089 924 hoc
1115 898 1293 940 quoque
1319 884 1481 926 obscu-

94 969 194 996 rum
230 952 395 1008 aliquid
425 951 477 993 fit
507 966 610 992 cum
641 948 829 990 veritate
859 951 1083 1002 oollatum.
1145 953 1335 995 Minime
1353 965 1476 995 vero.

94 1023 232 1066 Visne
263 1021 424 1076 igitur,
455 1020 664 1074 inquam,
696 1018 742 1059 in
766 1017 833 1060 his
853 1019 948 1074 ἱρῆς
973 1033 1242 1074 quaeramus
1261 1021 1357 1077 quis
1377 1029 1481 1064 tan-

91 1089 191 1131 dem
222 1089 422 1130 imitator
450 1086 538 1128 fit?
580 1086 625 1128 Si
654 1086 747 1137 vis,
778 1087 934 1143 inquit.
994 1087 1155 1130 Nonne
1174 1097 1266 1130 tres
1298 1089 1402 1130 sunt
1431 1087 1480 1131 hi

89 1155 216 1207 lecti,
247 1170 365 1196 unus
392 1155 572 1210 quidem
596 1155 633 1195 is
655 1154 727 1211 qui
750 1154 794 1195 in
817 1162 976 1196 natura
1004 1158 1162 1209 exstat,
1196 1172 1331 1212 quem
1358 1158 1480 1199 dice-

88 1239 213 1272 mus,
252 1231 303 1265 ut
333 1237 413 1278 ego
446 1222 667 1272 arbitror,
711 1222 847 1264 deum
881 1222 1049 1275 feciffe3
1085 1239 1142 1265 an
1173 1225 1310 1266 alium
1342 1238 1478 1280 quem

90 1292 269 1336 censes?
319 1291 522 1340 Nullum,
540 1289 696 1345 inquit.
746 1291 874 1334 Alter
901 1306 1010 1332 vero
1041 1306 1173 1348 quem
1195 1291 1334 1334 faber.
1393 1294 1481 1335 Et-

88 1361 204 1411 iam,
242 1359 404 1414 inquit.
472 1360 531 1402 Et
575 1360 689 1401 alter
720 1374 853 1414 quem
900 1359 1070 1416 pictor;
1109 1361 1292 1402 noune?
1363 1361 1477 1403 Esto.

88 1429 240 1472 Pictor
276 1429 432 1485 igitur,
471 1428 571 1470 lecti
606 1426 867 1480 fabricator,
907 1429 1036 1481 deus,
1067 1436 1157 1471 tres
1195 1429 1238 1470 hi
1265 1427 1479 1486 praefecti

89 1498 232 1540 tribus
259 1498 473 1538 lectorum
508 1496 682 1538 formis.
743 1496 859 1539 Sane
889 1505 994 1538 tres.
1057 1497 1120 1540 Ac
1149 1497 1258 1539 deus
1281 1498 1478 1554 quidem,

89 1568 178 1608 five
201 1566 344 1607 noluit
374 1566 460 1605 five
482 1566 728 1607 netesfilale
754 1566 901 1620 aliqua
924 1573 1100 1608 coactus
1125 1568 1183 1608 est
1204 1582 1292 1608 non
1326 1567 1480 1622 plures

91 1648 224 1689 quam
248 1648 387 1675 unum
423 1632 469 1674 in
500 1641 658 1675 natura
684 1633 906 1674 conficere
935 1633 1127 1680 lectum,
1160 1649 1302 1675 uuum
1333 1635 1477 1675 solum

89 1702 331 1745 fabricatus
352 1702 409 1742 est
441 1701 514 1755 qui
544 1702 682 1743 lectus
706 1703 762 1742 cst
780 1716 861 1758 per
881 1702 946 1749 se;
977 1701 1067 1741 duo
1089 1716 1197 1742 vero
1217 1702 1480 1745 huiusmodi

87 1770 161 1811 vel
189 1770 338 1825 plures
371 1784 515 1823 neque
548 1771 768 1825 procreati
804 1771 905 1811 sunt
937 1785 962 1810 a
992 1769 1074 1810 deo
1098 1783 1242 1823 neque
1262 1785 1478 1827 procrea·-

86 1838 269 1879 buutur.
329 1835 424 1877 Cur
450 1838 664 1879 tandem?
725 1838 870 1895 Quia,
900 1840 1110 1892 inquam,
1152 1839 1181 1878 fi
1213 1837 1325 1879 duos
1364 1838 1478 1879 solos

85 1905 247 1948 iecisset
268 1936 279 1955 ,
343 1906 494 1946 rursus
537 1920 654 1946 unus
698 1911 983 1961 compareret
1022 1905 1147 1946 cuius
1194 1905 1376 1961 utrique
1411 1904 1479 1947 illi

86 1974 280 2016 sormam
305 1973 546 2021 haberent,
581 1977 770 2029 effe-tque
798 1973 940 2015 lectus
962 1988 1046 2029 per
1069 1975 1112 2014 se
1134 1973 1230 2023 hic,
1262 1990 1355 2016 non
1386 1974 1478 2016 duo

87 2042 161 2085 illi.
215 2043 373 2087 Recte,
416 2042 576 2097 inquit.
639 2042 771 2099 Quae
801 2040 1009 2096 quidem,
1041 2042 1226 2098 opinor,
1259 2043 1368 2083 deus
1400 2058 1480 2084 co-

87 2112 294 2164 gnoscens
313 2141 324 2158 ‚
350 2125 491 2164 quum
514 2111 645 2152 vellet
667 2110 766 2151 veri
788 2110 891 2151 lecti
914 2111 956 2150 se
975 2125 1135 2153 verum
1158 2111 1478 2153 fabricatorem

89 2183 287 2231 esse‚non
310 2178 410 2219 lecti
428 2179 613 2221 alicuius
635 2193 781 2235 neque
801 2178 903 2220 lecti
926 2177 1240 2220 fabricatorem
1262 2180 1478 2234 aliquem,

86 2262 227 2289 unum
244 2255 399 2289 natura
412 2248 578 2303 genuit.
599 2248 736 2290 Patet.
760 2247 1049 2302 Visneigitur
1067 2247 1188 2288 hunc
1207 2246 1386 2303 quidem
1401 2261 1478 2290 na.-

87 2317 279 2358 turalem
302 2316 393 2357 eius
418 2315 626 2371 opificem
640 2317 912 2372 appellemus
935 2315 1005 2356 vel
1030 2315 1108 2357 tali
1129 2316 1278 2370 aliquo
1291 2314 1475 2357 nomine

86 2383 357 2425 afficiamus?
376 2385 460 2426 Par
484 2394 603 2428 certe
627 2383 1090 2439 est,inquit‚s1quidem
1113 2391 1275 2425 natura
1290 2391 1332 2425 et
1351 2384 1474 2424 hunc

88 2460 130 2493 et
156 2452 323 2506 reliqua
343 2453 492 2494 omnia
514 2452 630 2495 fecit.
676 2452 796 2510 Quid
819 2466 923 2492 vero
939 2452 960 2492 2²
989 2451 1171 2493 fabrum
1198 2466 1350 2493 nonne
1369 2450 1474 2492 lecti

84 2518 436 2561 fabricatorem?
475 2522 606 2565 Vero.
667 2521 784 2563 Num
814 2520 945 2561 etiam
981 2521 1198 2579 pictorem
1228 2520 1473 2562 fabricato-

85 2602 181 2630 rem
205 2596 247 2630 et
269 2588 518 2633 effectorem
543 2591 638 2634 eius
660 2590 752 2634 rei?
783 2588 983 2632 Minime.
1036 2589 1095 2632 At
1118 2589 1343 2645 quomodo
1368 2601 1470 2629 eum
