1657 2876
556 129 891 176 TIMAEUS.
1326 136 1417 182 ³145

35 249 203 294 nullius
213 263 358 306 neque
375 246 464 288 vim
486 241 761 287 extrinsecus
782 244 1053 301 relinquens.
1072 249 1150 292 has
1170 250 1227 293 ob
1242 252 1414 295 causas:

34 318 152 374 prim
160 325 302 370 um‚ut
313 325 426 359 totus
438 328 573 370 quam
586 313 783 355 maxime
794 314 995 356 animans
1011 318 1230 371 perfectus
1243 323 1347 362 effet
1357 336 1414 366 ex

33 384 242 443 perfectis
262 383 475 442 partibus,
499 382 662 424 deinde
672 390 722 424 ut
737 397 852 426 unus
875 386 987 430 esset,
1000 384 1122 427 nulla
1150 397 1275 441 parte
1297 390 1416 431 unde

33 454 146 497 alius
174 450 386 496 eiusmodi
417 451 674 507 gigneretur
700 451 872 499 relicta,
906 453 1125 509 postremo
1144 461 1196 494 ut
1220 464 1261 496 et
1290 457 1416 498 sene·

33 522 165 564 ctutis
186 529 229 562 et
250 518 394 562 morbi
414 534 573 576 expers
596 522 712 571 esset,
744 517 1024 576 perspiciens,
1054 522 1199 563 calida
1223 531 1267 564 et
1286 522 1419 581 frigi·-

32 589 90 631 da
123 589 362 645 omniaque
401 602 710 644 quaecumque
745 588 840 630 vim
884 588 1048 631 habe-nt
1087 590 1416 646 vehementem,

32 657 213 713 corpori
225 655 509 700 circumiecta
529 658 804 699 extrinsecus
815 664 858 699 et
874 656 1169 701 immoderate
1193 659 1417 714 ingruen-

29 724 90 766 tia
115 722 263 781 ipsum
295 727 465 769 solvere
482 736 531 770 et
559 727 728 770 morbis
751 726 1066 782 senectuteque
1088 728 1291 770 adductis
1319 744 1417 786 per.

29 792 191 835 niciem
219 794 259 835 ei
285 795 458 840 afferre.
501 796 614 838 hanc.
636 796 772 852 igitur
792 795 849 836 ob
870 796 1044 837 causam
1073 795 1118 838 et
1144 796 1251 838 haec
1272 811 1414 850 repu-

29 868 127 904 tans
156 863 373 906 mundum
405 865 466 907 ita
495 864 738 908 fabricatus
766 864 822 905 est
843 869 893 904 ut
915 876 1055 905 unum
1085 872 1230 910 totum
1263 865 1418 922 perfe-

30 937 154 971 ctum
178 944 236 972 ex
258 933 467 974 omnibus
486 934 587 975 totis
613 930 827 989 'perfectis
850 938 893 971 et
913 930 1071 972 morbo
1100 933 1310 988 senioque
1340 949 1417 975 ca-

28 1006 203 1040 rentem
236 999 442 1042 efficeret..
503 1001 562 1044 Et
588 1001 785 1043 formam
806 1014 982 1055 quoque
1010 999 1048 1040 ei
1068 1001 1189 1043 dedit
1207 1003 1418 1045 decoram

31 1074 74 1106 et
91 1075 338 1121 cognatam.
371 1085 396 1110 a
415 1085 502 1125 quo
522 1069 638 1112 enim
662 1070 891 1111 animante
914 1082 1070 1109 omnes
1092 1069 1288 1123 reliquos
1305 1086 1418 1114 con-

28 1134 163 1175 tineri
195 1136 327 1177 vellet
363 1139 636 1186 animantes,
681 1138 802 1178 hunc
831 1150 881 1176 ea
911 1134 1057 1177 forma
1080 1136 1294 1193 figuravit
1328 1154 1418 1194 qua

28 1217 183 1244 omnes
211 1203 412 1258 reliquae
434 1207 606 1249 formae
645 1203 990 1246 concluduntur.
1026 1205 1236 1259 quocirca
1258 1207 1418 1260 globo-

26 1271 124 1312 sum
143 1279 187 1312 et
203 1271 500 1314 orbiculatum
524 1287 625 1315 eum
647 1270 858 1321 tornavit,
879 1270 940 1311 ita
961 1278 1011 1312 ut
1034 1286 1059 1312 a
1081 1272 1229 1313 medio
1253 1289 1419 1327 usque-

28 1353 205 1395 quaque
233 1350 434 1382 extrema
470 1342 709 1397 aequaliter
738 1340 895 1386 absint,
924 1352 1037 1394 quae
1066 1340 1246 1395 quidem
1272 1340 1419 1385 forma.

29 1408 232 1449 omnium
252 1407 562 1464 perfectissima
582 1409 745 1466 sibique
764 1408 852 1465 ipsa
867 1407 1110 1454 fimillima;
1143 1409 1420 1453 existimabat

30 1476 150 1517 enim
185 1477 314 1532 longe
343 1476 711 1532 praestantiorem
741 1473 1070 1518 firmlitudinem
1097 1475 1420 1522 dissimilitudi-

26 1559 97 1586 ne.
158 1544 362 1586 Levitate
383 1554 534 1586 autem
563 1545 854 1588 circumcirca
876 1550 1019 1586 totum
1043 1545 1311 1587 extrinsecus
1332 1563 1420 1589 ex·-

30 1613 229 1665 ornavit,
261 1613 413 1654 multis
431 1614 485 1654 de
507 1615 664 1664 causis3
707 1628 788 1654 nec
814 1612 932 1653 enim
966 1612 1102 1654 oculis
1133 1613 1289 1665 egebat
1318 1615 1420 1668 (ni-

27 1680 91 1722 hil
118 1681 236 1723 enim
262 1690 387 1722 extra
410 1682 526 1737 quod
551 1682 671 1723 cerni
692 1682 832 1738 poss'et
853 1680 1057 1721 relictum
1083 1685 1194 1732 erat)
1227 1696 1307 1724 nec
1332 1697 1420 1724 au·-

26 1749 152 1792 ribus
182 1751 321 1803 (quia
354 1765 409 1790 ne
440 1751 560 1805 quod
591 1750 823 1790 audiretur
846 1747 1079 1803 quidem),
1111 1762 1257 1803 neque
1288 1758 1421 1792 erant

27 1819 130 1860 aere
153 1817 420 1859 circumfusa.
441 1826 646 1858 exn-ema
668 1816 824 1857 mundi
841 1823 889 1856 ut
911 1815 1247 1870 respirationem
1265 1819 1420 1874 requi..

28 1895 173 1938 reret3
204 1900 351 1940 neque
374 1900 481 1927 vero
500 1885 794 1927 instrumento
816 1883 964 1940 aliquo
986 1883 1211 1939 indigebat
1232 1899 1321 1940 quo
1335 1885 1420 1928 ali-

29 1962 177 1997 menta
209 1955 405 1996 sumeret
433 1952 651 2008 priusque
677 1952 878 1994 confecta
905 1958 947 1993 et
975 1951 1239 2008 consumpta
1267 1955 1420 1997 rursus

32 2024 281 2074 emitteret3
311 2020 555 2063 decedebat
575 2023 691 2064 enim
712 2021 826 2063 nihil
846 2034 993 2075 neque
1013 2020 1251 2062 accedebat
1276 2021 1313 2062 ei
1337 2023 1423 2064 ali-

31 2091 135 2147 quid
161 2089 392 2139 alicunde:
424 2104 571 2145 neque
594 2089 713 2131 enim
739 2097 856 2138 erat3
889 2104 991 2131 nam
1021 2089 1253 2131 artificiose
1271 2089 1331 2133 ita
1352 2091 1422 2133 fa·-

33 2166 150 2201 ctum
181 2168 276 2201 erat
309 2166 357 2200 ut
385 2159 457 2201 fibi
487 2159 576 2215 ipse
605 2159 869 2200 alimentum
891 2157 1125 2215 praeberet
1146 2171 1234 2212 quo
1258 2160 1423 2201 consu·-

32 2235 232 2269 meretur
256 2228 498 2282 omniaque
516 2227 607 2284 ipse
628 2227 672 2268 in
696 2227 734 2266 se
765 2233 808 2267 et
836 2240 859 2266 a
886 2226 928 2266 se
951 2233 994 2266 et
1021 2233 1252 2282 pateretur
1285 2235 1328 2268 et
1350 2225 1422 2269 sa-

32 2303 177 2343 ceret;
210 2296 514 2338 arbitrabatur
544 2295 666 2337 enim
688 2294 761 2349 qui
793 2308 897 2335 eum
929 2293 1128 2334 condidit
1153 2295 1312 2336 melius
1346 2294 1421 2337 so-

30 2378 80 2407 re
104 2365 129 2404 si
155 2371 270 2405 totus
294 2380 347 2405 ex
370 2367 408 2404 se
428 2371 560 2420 aptus
581 2367 685 2405 effet
704 2362 914 2410 mundus,
937 2375 1073 2416 quam
1094 2361 1122 2401 fi
1144 2361 1239 2406 aliis
1258 2371 1421 2418 egeret.

33 2447 192 2474 manus
225 2439 399 2482 autem,
431 2433 597 2489 quippe
630 2430 792 2486 quibus
826 2444 973 2484 neque
1003 2429 1270 2485 capiendum
1299 2430 1421 2485 quic-

34 2516 165 2556 quam
202 2509 296 2541 erat
330 2515 471 2554 neque
504 2499 837 2556 repellendum,
875 2498 1033 2540 frustra
1065 2496 1105 2538 ei
1125 2513 1215 2539 non
1237 2498 1423 2554 putabat

36 2569 269 2625 affligendas
303 2571 411 2611 effe:
455 2582 537 2608 nec
566 2568 695 2623 pedes
720 2581 798 2607 nec
829 2566 1015 2607 omnino
1038 2565 1314 2623 ingrediendi
1340 2566 1422 2607 ad-

36 2636 312 2678 miniculum.
359 2642 531 2677 motum
561 2635 677 2675 enim
704 2635 823 2675 caelo
855 2634 976 2675 dedit
997 2634 1089 2676 eius
1110 2632 1289 2689 corpori
1311 2646 1421 2673 con-

96 2708 206 2745 Tom.
245 2706 297 2746 17.
1101 2701 1143 2744 K
