1657 2876
678 749 784 797 -X.

62 910 210 984 Sane.
230 934 429 990 inquam,
451 931 607 974 multis
629 945 767 988 quum
782 933 878 976 aliis
891 933 937 977 in
950 934 1081 979 rebus
1099 936 1244 994 cogito
1264 936 1449 980 omnino

61 1014 184 1049 recte
205 1019 285 1046 nos
307 1000 546 1044 condidisse
566 1000 812 1052 civitatem,
848 1009 943 1045 tum
967 1005 1164 1048 maxime
1183 1007 1230 1049 in
1256 1021 1309 1048 eo
1330 1005 1451 1062 quod

61 1075 117 1117 de
146 1074 261 1132 po'essfi
294 1070 538 1113 statuimus.
605 1068 871 1126 Quidnam?
915 1072 1077 1128 inquit.
1147 1074 1280 1117 Nullo
1314 1075 1450 1117 modo

61 1139 390 1185 admittendum
404 1141 486 1180 esse
504 1138 711 1193 quicquid
732 1138 823 1179 eius
841 1139 889 1181 in
909 1141 1154 1184 imitatione
1172 1144 1454 1194 versaretur,-

58 1210 320 1265 neutiquam
347 1206 468 1248 enim
491 1203 819 1248 admittendum
850 1210 934 1249 effe
963 1223 1087 1250 nunc
1116 1211 1253 1253 etiam
1275 1211 1451 1265 clarius,

59 1288 112 1321 ut
132 1277 242 1320 mihi
264 1275 466 1322 videtur,
497 1281 643 1331 patet,
675 1289 816 1328 quum
839 1277 1077 1333 separatim
1096 1279 1290 1333 fingulae
1311 1295 1452 1338 expo-

58 1349 162 1391 fitae
182 1348 262 1388 fint
279 1345 418 1386 animi
440 1343 615 1399 species.
650 1341 896 1400 Quomodo
914 1344 1052 1388 dicis?
1082 1347 1143 1389 Ut
1157 1346 1285 1390 vobis
1306 1349 1450 1391 dicam

60 1423 224 1473 (neque
243 1414 360 1456 enim
384 1428 457 1455 me
479 1411 686 1454 deferetis
708 1413 766 1454 ad
789 1415 1041 1470 tragoediae
1062 1416 1214 1472 poetas
1231 1417 1453 1473 reliquos-

60 1501 146 1543 que
167 1499 322 1526 omnes
348 1482 394 1523 in
423 1479 673 1522 imitatione
700 1483 969 1537 versantes),
1009 1484 1350 1528 incommodum
1378 1487 1453 1529 vi-

61 1555 223 1596 dentur
246 1552 490 1607 importare
508 1550 659 1591 omnia
683 1550 944 1593 huiusmodi
963 1552 1244 1595 audientium
1275 1554 1450 1601 animis.

60 1621 419 1678 quibuscumque
435 1632 525 1659 non
545 1619 602 1659 est
613 1618 798 1660 subsidio
811 1635 965 1661 eorum
981 1620 1132 1674 qualia
1149 1623 1228 1663 fint
1243 1624 1453 1679 cognitio.

62 1688 307 1747 Quomodo
339 1686 544 1737 tandem,
581 1685 749 1739 inquit,
791 1687 1012 1729 animatus
1040 1687 1125 1730 hoc
1154 1689 1294 1731 dicis?
1333 1691 1452 1734 Nar-

60 1759 280 1807 randum,
312 1755 518 1810 inquam3
551 1767 823 1810 quamquam
847 1755 1042 1797 amicitia
1066 1758 1285 1812 quaedam
1309 1767 1353 1801 et
1373 1775 1452 1802 re-

58 1825 263 1868 verentia
295 1837 428 1879 quam
455 1835 480 1861 a
511 1834 653 1876 puero
680 1821 891 1863 adversus
923 1823 1168 1866 Homerum
1203 1825 1340 1869 habui
1375 1844 1450 1870 me

59 1894 246 1950 impedit
259 1893 418 1934 dicere.
443 1889 622 1930 videtur
636 1888 754 1930 enim
770 1890 1047 1946 egregiorum
1065 1893 1267 1936 omnium
1282 1895 1451 1939 horum

58 1963 330 2018 tragicorum
364 1958 439 2001 hic
470 1957 646 2014 primus
672 1957 876 2011 magister
906 1966 950 2000 et
978 1960 1072 2001 dux
1103 1959 1241 2003 fuiffe.
1303 1978 1452 2020 nequo

58 2039 208 2072 tamen
230 2044 338 2086 prae
361 2026 548 2069 veritate
565 2025 854 2067 honorandus
874 2028 932 2068 est
951 2028 1041 2081 vir5
1071 2029 1169 2081 sed,
1202 2031 1320 2086 quod
1339 2032 1451 2083 dico,

60 2099 353 2142 narrandum.
423 2096 542 2139 Sane
572 2094 778 2149 quidem,
825 2094 984 2153 inquit.
1054 2098 1171 2141 Audi
1201 2100 1334 2150 dum,
1378 2101 1450 2143 vel

60 2168 208 2226 potius
246 2165 473 2224 responde.
543 2163 784 2219 Interroga.
856 2164 1050 2207 Imitatio
1095 2165 1140 2207 in
1183 2167 1449 2211 universum

60 2236 247 2293 possisne
264 2235 376 2276 mihi
401 2233 548 2274 dicere
564 2231 665 2287 quid
693 2231 868 2273 tandem
890 2233 971 2274 sit?
1002 2233 1232 2276 enimvero
1255 2251 1338 2277 nec
1356 2237 1449 2294 ipie

60 2304 164 2346 sane
187 2302 400 2360 perspicio
424 2300 527 2356 quid
552 2300 628 2341 fibi
658 2299 778 2342 velit.
838 2301 982 2357 Ergo,
1022 2302 1195 2358 inquit,
1237 2319 1318 2361 ego
1337 2320 1447 2361 per-

59 2371 271 2430 spiciam?
302 2370 458 2417 Haud,
488 2368 670 2423 inquam
689 2401 701 2421 ‚
733 2367 1018 2419 niirandum3
1049 2383 1152 2412 nam
1174 2374 1317 2416 multa
1340 2375 1445 2416 sane

59 2439 308 2482 hebetiores
329 2437 473 2479 acrius
496 2436 749 2478 videntibus
766 2437 891 2494 prius
912 2444 1116 2481 cernunt.
1175 2440 1259 2490 Est,
1284 2441 1445 2497 inquit,

59 2509 143 2560 ita3
185 2520 454 2564 quamquam
483 2512 525 2546 te
550 2512 784 2562 praesente
812 2520 894 2547 nec
914 2514 1152 2562 promptus
1184 2511 1267 2550 effe
1290 2516 1443 2565 potero

61 2577 116 2620 ad
158 2576 397 2618 dicendum
428 2575 456 2614 fi
485 2574 589 2629 quid
615 2573 724 2616 mihi
766 2573 957 2629 liqueat3
1007 2573 1158 2629 itaque
1192 2576 1284 2634 ipse
1324 2577 1439 2618 vide.

61 2645 192 2688 visne
215 2644 350 2701 igitur
369 2642 452 2684 hoc
470 2642 757 2701 investigandi
776 2642 955 2685 initium
977 2642 1227 2697 sumamus,
1265 2643 1441 2686 solitam

1067 2709 1164 2752 Da
