1657 2876
621 93 957 140 TIMAEUS.
1392 99 1472 143 155

91 213 171 258 est,
217 210 314 263 sed,
357 210 472 266 quod
501 208 613 248 bene
648 213 810 256 vertat,
852 206 978 248 vobis
1011 210 1189 263 quidem
1219 211 1473 267 dicendum,

88 280 201 322 mihi
222 288 369 321 autem
391 292 471 335 pro
495 273 705 317 hesternis
727 272 1102 331 disputationibus
1129 279 1367 334 quiescenti
1389 297 1474 324 au-

90 347 315 389 diendum.

204 415 276 458 Cr.
307 412 544 456 Confidera
575 412 737 468 quaeso
769 427 961 455 munera
987 413 1240 470 hospitalia,
1272 417 1468 470 Socrate,

88 484 314 539 quomodo
343 480 418 523 tibi
443 480 799 537 disposuerimus.
841 481 1008 537 placuit
1028 483 1146 524 enim
1169 484 1299 526 nobis
1322 495 1370 528 ut
1388 489 1473 529 Ti-

86 565 262 602 maeus,
292 549 457 607 quippe
480 550 556 606 qui
578 549 833 604 astrologiae
857 550 1143 606 peritissimus
1168 569 1191 594 e
1220 553 1347 596 nobis
1369 559 1472 598 estet

86 619 199 661 etad
220 626 429 660 naturam
458 618 655 660 univerfi
678 620 1024 673 cognoscendam
1052 622 1279 664 summum
1311 631 1472 665 contu-

81 688 183 730 lerit
204 687 424 737 studium,
456 688 628 743 primus
654 688 791 729 verba
816 687 980 731 faceret
1002 689 1217 746 incipiens
1253 705 1278 732 a
1311 691 1470 734 mundi

82 763 183 797 ortu
212 763 254 797 et
287 756 482 797 definens
511 755 561 798 in
597 754 837 799 hominum
867 765 1050 807 natura,
1081 772 1159 814 ego
1190 766 1342 801 autem
1376 760 1472 816 post

80 824 222 876 hunc,
262 825 430 881 quippe
455 823 509 866 ab
535 824 621 866 hoc
649 824 870 881 accipiens
900 825 1106 867 homines
1131 827 1332 870 oratione
1360 842 1470 884 pro·-

80 902 277 945 cwatos,
310 902 353 935 et
372 907 396 934 a
422 901 463 933 te
487 893 706 934 institutos
729 894 953 949 insigniter
974 895 1189 949 quosdam
1216 911 1390 942 eorum,
1409 897 1470 936 se-

81 962 281 1003 cundum
302 961 475 1004 Solonis
497 977 605 1003 vero
624 961 879 1003 orationem
901 978 952 1003 ac
980 964 1122 1020 legem
1148 964 1372 1005 adducens
1396 977 1469 1004 eos

78 1030 132 1071 ad
161 1045 237 1071 vos
260 1039 485 1086 tamquam
512 1030 564 1072 ad
588 1030 755 1072 iudices
779 1031 1038 1072 exhiberem
1064 1032 1180 1073 cives
1204 1033 1339 1074 huius
1359 1031 1470 1073 civi·
1521 1072 1524 1078 ,

78 1098 176 1138 tatis
198 1099 319 1139 velut
342 1099 370 1139 fi
391 1098 437 1138 hi
461 1101 592 1140 essent
611 1101 686 1154 qui
710 1108 815 1141 tunc
835 1099 1015 1141 fuissent
1040 1100 1343 1151 Athenienses,
1358 1113 1468 1154 quos

77 1164 332 1207 declaraffet
353 1167 575 1209 evanuisse
597 1168 848 1209 litterarum
873 1169 1099 1209 sacrarum
1121 1168 1259 1219 fama,
1289 1175 1331 1208 et
1353 1174 1470 1208 cete-

75 1232 281 1275 rumiam
300 1234 355 1274 de
375 1234 473 1290 ipsis
495 1243 547 1275 ut
559 1236 614 1277 de
635 1235 808 1276 civibus
833 1243 874 1275 et
887 1235 1467 1289 Athenienfibusloquerer.

194 1300 265 1343 So.
298 1301 501 1344 Perfecto
521 1311 563 1344 et
588 1303 816 1359 splendide
848 1304 1007 1346 videor
1036 1304 1224 1345 vicissim
1258 1310 1468 1359 acceptu-

75 1382 152 1410 rus
177 1372 260 1411 effe
277 1370 532 1413 sermonum
555 1371 870 1429 epulationem.
913 1374 1066 1414 Tuum
1089 1371 1179 1414 iam
1203 1371 1283 1412 erit
1308 1370 1467 1421 dicere,

75 1437 287 1490 Timaee,
324 1438 550 1498 deinceps,
584 1447 633 1481 ut
654 1447 798 1497 patet,
830 1441 1059 1496 postquam
1081 1440 1184 1482 deos
1213 1438 1467 1495 legeinvo-

75 1521 258 1549 caveris.
1318 1553 1320 1555 .

193 1573 262 1617 Τι’.
299 1575 393 1616 Hoc
415 1576 622 1630 quidem,
655 1578 853 1630 Socrate,
885 1591 1040 1618 omnes
1069 1575 1237 1618 faciunt
1257 1573 1468 1628 quicum-

74 1659 162 1699 que
192 1644 326 1684 etiam
368 1644 604 1700 paululum
638 1645 842 1702 sapiunt:
885 1645 932 1686 in
966 1658 1144 1699 quoque
1181 1643 1303 1684 enim
1333 1656 1467 1698 opere

73 1712 350 1768 suscipiendo
377 1719 466 1752 tani
494 1712 657 1767 exiguo
681 1726 810 1766 quain
833 1727 996 1766 magno
1018 1711 1148 1752 deum
1175 1713 1351 1764 semper
1370 1708 1466 1750 fero

72 1781 310 1830 invocant3
344 1794 421 1820 nos
447 1795 555 1820 vero
582 1779 657 1834 qui
677 1779 731 1819 de
749 1779 957 1820 universo
982 1779 1119 1820 verba
1147 1778 1310 1819 facturi
1333 1779 1464 1819 fimus

72 1856 226 1890 utrum
263 1854 413 1889 ortum
447 1847 608 1888 habeat
646 1862 809 1895 necne,
854 1848 932 1888 nili
967 1848 1150 1903 prorsus
1183 1846 1458 1903 desipiamus,

72 1920 237 1960 neceffe
260 1918 315 1957 est
337 1916 439 1958 deos
464 1925 504 1957 et
526 1916 628 1957 deas
661 1915 924 1956 invocantes
958 1915 1132 1972 precari
1160 1925 1209 1958 ut
1231 1914 1383 1956 omnia
1406 1929 1463 1956 ex

70 1986 266 2044 ipsorum
288 1985 486 2027 maxime
507 1984 722 2025 sententia
746 1982 963 2040 nobisque
995 1985 1309 2026 convenienter
1337 1983 1463 2025 dica-

71 2070 183 2098 mus.
218 2070 267 2095 ae
287 2053 347 2095 dii
367 2053 547 2109 quidem
576 2053 637 2094 ita
663 2051 857 2094 invocati
875 2053 1027 2102 sunto,
1061 2069 1140 2095 nos
1171 2060 1318 2095 autem
1349 2066 1461 2108 pro-

72 2122 263 2165 vocandi
293 2129 343 2163 ut
374 2136 471 2162 earn
501 2120 751 2178 disputandi
779 2121 897 2162 viam
923 2121 1226 2178 ingrediamur
1257 2135 1345 2177 qua
1382 2134 1458 2162 vos

72 2190 282 2233 facillime
306 2190 559 2248 percipiatis
584 2198 624 2230 ct
645 2205 725 2246 ego
744 2191 1005 2233 sententiam
1027 2205 1173 2232 meam
1199 2189 1254 2231 de
1275 2203 1325 2231 re
1344 2203 1458 2246 pro-

71 2261 207 2317 posita
229 2259 426 2302 maxime
445 2259 683 2300 declarem.

184 2327 255 2369 Est
276 2336 426 2370 autem
452 2343 552 2369 mco
575 2326 738 2368 iudicio
774 2327 974 2383 primum
1009 2325 1094 2367 hoc
1122 2325 1453 2384 explicandum,

75 2394 179 2450 quid
205 2395 254 2435 fit
278 2395 320 2436 id
346 2386 459 2451 quod
487 2397 659 2453 semper
688 2396 735 2436 fit
760 2411 902 2451 neque
934 2394 1073 2436 ullum
1095 2395 1256 2437 habeat
1284 2403 1451 2446 ortum,

75 2472 120 2505 et
141 2462 247 2517 quid
271 2462 315 2503 id
340 2464 456 2518 quod
478 2463 685 2518 gignatur
707 2478 787 2505 neo
806 2476 1020 2517 umquam
1044 2463 1111 2512 fit,
1134 2476 1329 2519 quorum
1351 2463 1454 2520 qui-

76 2532 176 2573 dem
216 2531 409 2572 alterum
444 2530 731 2585 intelligentia
767 2539 809 2572 et
844 2530 1017 2573 ratione
1049 2531 1452 2589 comprehendatur

76 2599 338 2656 semperque
357 2599 408 2641 fit
435 2614 525 2642 uno
548 2606 590 2641 et
615 2599 767 2643 eodem
795 2601 931 2655 statu,
963 2600 1180 2656 alterum,
1214 2598 1447 2658 opinabile,
