1657 2876
583 119 920 167 TIMAEUS.
1364 123 1444 181 169

60 235 190 281 :initio
204 235 407 293 insipiens
419 235 483 277 >est
503 232 693 286 animus,
706 249 844 290 quum
860 234 907 276 in
928 249 1088 292 corpus
1113 236 1309 293 illigatur
1321 252 1445 281 mor-

63 308 178 358 tale3
210 304 387 361 quando
418 317 524 343 vero
551 301 819 346 incrementi
850 310 893 344 et
925 304 1125 346 alimenti
1146 307 1295 348 minor
1317 322 1445 348 acce-

63 374 125 415 dit
159 373 303 414 fluxio
327 370 570 426 rursusque
591 371 803 413 circuitus
834 371 1198 426 tranquillitatem
1231 376 1349 417 nacti
1370 378 1446 419 sua

62 441 137 482 via
161 449 270 483 eunt
295 446 338 480 et
356 438 644 480 restituuntur
665 439 801 495 magis
824 439 1091 497 procedente
1113 448 1199 481 tem
1209 457 1330 496 pore,
1348 451 1446 486 tum

61 510 152 551 iam
177 508 230 550 ad
253 508 503 549 naturalem
528 507 889 563 pervenientibus
920 508 1118 549 habitum
1141 508 1323 551 orbibus
1344 511 1447 564 qui-

63 577 230 632 busque
255 574 469 616 circuitus
500 575 676 624 directi,
714 577 906 618 alterum
939 585 980 617 et
1009 576 1127 617 idem
1150 586 1268 619 recte
1290 580 1449 634 appel-

63 645 203 687 lantes
219 675 230 696 ,
261 642 420 684 mentis
443 652 694 699 compotem
718 659 818 685 eum
840 645 913 700 qui
937 646 1050 702 ipsos
1077 644 1210 687 habet
1233 644 1449 691 efficiunt.
1477 660 1485 663 ⁷*

60 713 151 757 iam
175 712 204 752 fi
224 725 356 767 opem
389 711 521 752 etiam
546 712 698 754 tulerit
727 721 849 754 recte
868 714 1060 756 instituta
1083 713 1303 760 educatio,
1328 714 1448 755 iute-

60 795 142 837 ger
173 780 395 834 ianusque
427 781 627 835 prorsus,
658 797 856 823 maximo
877 783 1041 824 evitato
1062 782 1245 828 morbo,
1278 783 1447 835 exstitit,

60 849 177 892 hanc
195 862 307 889 vero
334 847 362 888 fi
387 848 646 903 neglexerit,
687 865 843 891 manca
871 851 1073 893 traducta
1101 850 1204 898 vita,
1231 849 1451 906 imperfe-

63 927 159 960 ctus
197 916 252 958 ad
283 914 450 956 inferos
484 917 637 958 rursus
674 918 921 961 discesserit.
992 924 1124 972 atque
1161 918 1235 960 issa
1264 917 1450 973 quidem

61 983 274 1043 posterius
304 983 543 1038 aliquando
568 984 697 1037 fient3
727 987 782 1028 de
805 987 873 1029 his
891 994 1039 1028 autem
1064 1001 1178 1041 quae
1198 1001 1317 1029 nunc
1341 1001 1452 1043 pro-

61 1055 195 1110 posita
218 1054 320 1093 sunt
345 1052 507 1108 exponi
532 1061 710 1110 oportet
728 1056 1003 1107 accuratius3
1037 1063 1194 1097 etante
1208 1056 1264 1096 de
1284 1070 1452 1111 corpo-

60 1123 123 1163 ris
155 1120 349 1176 partium
379 1128 482 1160 ortu
525 1129 568 1161 et
587 1121 640 1162 de
661 1123 832 1174 animo,
863 1125 1022 1179 quibus
1044 1125 1098 1165 de
1120 1125 1251 1166 caufis
1276 1131 1320 1165 et
1341 1138 1453 1178 qua-

60 1204 166 1232 nam
195 1188 380 1228 deorum
413 1188 694 1244 providentia
715 1192 830 1233 facta
861 1193 965 1242 snit,
998 1192 1058 1233 ita
1080 1200 1124 1232 et
1147 1192 1193 1231 in
1217 1206 1318 1232 eam
1345 1206 1453 1247 par-

61 1265 154 1300 tem
178 1256 497 1302 disserendum,
530 1264 581 1296 ut
603 1258 700 1298 veri
725 1259 997 1301 simillimum
1020 1260 1272 1314 sequamur.

177 1326 241 1366 Ac
283 1323 459 1365 divinos
499 1323 683 1378 quidem
712 1327 924 1369 circuitus
954 1327 1030 1382 qui
1062 1327 1152 1368 duo
1182 1328 1304 1378 sunt,
1347 1325 1453 1367 uni-

62 1395 178 1437 verfi
205 1392 396 1448 figuram
430 1393 654 1435 imitantes
686 1395 934 1449 globosam,
965 1395 1011 1436 in
1039 1409 1199 1451 corpus
1225 1394 1455 1435 orbicula-

62 1472 160 1506 tum
187 1461 433 1517 illigarunt,
464 1460 504 1501 id
536 1462 652 1515 quod
678 1476 799 1503 nunc
819 1471 954 1519 caput
985 1463 1292 1510 nominamus,
1334 1462 1456 1518 quod

65 1531 247 1588 quidem
273 1528 593 1570 divinisfimum
617 1529 674 1569 est
691 1528 985 1583 omniumque
1010 1544 1123 1584 quae
1144 1531 1190 1572 in
1211 1531 1337 1573 nobis
1352 1532 1457 1572 suut

66 1599 334 1643 dominator.
372 1596 475 1637 huic
497 1596 630 1638 etiam
656 1604 795 1639 totum
819 1612 981 1655 corpus
1002 1597 1286 1640 tradiderunt
1308 1599 1458 1641 admi-

64 1669 266 1712 nit-ulum
288 1667 328 1707 ei
351 1673 665 1706 coacervantes
684 1665 759 1713 dii,
783 1666 1079 1721 intelligentes
1094 1667 1297 1708 omnium
1321 1675 1457 1721 quot-

66 1743 176 1793 quot
197 1733 337 1776 futuri
359 1736 494 1775 effent
519 1742 725 1775 motuum
746 1733 857 1774 illud
880 1733 977 1775 tore
995 1750 1205 1792 compos;
1237 1750 1293 1776 ne
1313 1735 1457 1790 igitur

65 1819 204 1861 quum
237 1803 369 1858 super
398 1809 562 1842 terram
590 1801 851 1842 volveretur
887 1802 1133 1844 eminentia
1161 1811 1206 1844 et
1229 1803 1460 1860 profunda

64 1872 307 1915 habentem
343 1869 465 1911 varia
498 1869 722 1910 laboraret
753 1869 980 1925 quomodo
1012 1869 1088 1911 illa
1119 1871 1459 1926 transgredere-

65 1949 157 1991 tur,
189 1939 294 1981 hinc
317 1953 426 1980 vero
450 1938 756 1993 egrederetur,
785 1938 1043 1979 vehiculum
1057 1938 1098 1979 ei
1116 1939 1200 1981 hoc
1222 1948 1356 1997 atque
1380 1955 1460 1982 co-

64 2008 187 2067 piam
223 2007 457 2048 dederunt.
506 2006 714 2062 quocirca
741 2006 1059 2062 proceritatem
1091 2023 1254 2063 corpus
1276 2020 1460 2050 nactum

68 2078 127 2118 est
148 2084 192 2117 et
221 2076 396 2127 extensa
431 2075 637 2117 membra
668 2083 802 2130 atque
829 2074 1043 2118 flexibilia
1063 2076 1296 2132 generavit
1327 2085 1462 2132 quat-

68 2152 196 2196 tuor,
239 2143 321 2185 deo
364 2144 652 2185 machinante
696 2144 924 2195 vehicula,
966 2159 1081 2199 quae
1120 2144 1460 2201 apprehendens

71 2213 321 2269 quibusque
351 2212 543 2253 innitens
571 2227 652 2267 per
674 2212 825 2254 omnia
845 2213 945 2254 loca
966 2209 1184 2268 proficisci
1208 2215 1357 2269 posset,
1389 2212 1461 2254 di·-

71 2281 318 2323 vinisfimae
338 2288 381 2322 et
402 2281 688 2323 sanctisfimae
710 2280 843 2323 nostri
866 2279 1003 2339 partis
1024 2279 1301 2322 domicilium
1327 2281 1462 2337 supra

74 2347 240 2390 ferens.
292 2363 424 2391 crura
454 2349 596 2406 igitur
626 2357 670 2390 et
699 2365 859 2392 manus
891 2350 952 2391 ita
980 2356 1023 2390 et
1051 2349 1168 2391 hanc
1197 2348 1254 2390 ob
1286 2349 1461 2391 causam

73 2416 284 2461 omnibus
311 2416 474 2461 adnata
492 2419 618 2469 sunt3
649 2419 892 2477 poster-iore
908 2432 1016 2462 vero
1037 2426 1168 2478 parte
1187 2417 1460 2462 anteriorem
