1657 2876
572 150 903 194 TIMAEUS.
1143 133 1145 135 ’
1346 156 1430 197 225

47 280 148 309 rere
170 264 288 307 vitae
307 263 459 307 beatae
479 261 786 319 adipiscendae
809 264 959 312 causa,
1001 274 1218 321 quantum
1243 274 1429 312 naturae

45 336 218 376 nostrae
243 335 362 386 licet,
393 329 677 374 neceffariam
698 345 809 372 vero
829 330 1006 373 illorum
1029 336 1152 375 causa
1169 368 1180 380 ,
1211 344 1430 392 reputan-

44 410 113 444 tes
150 403 238 444 fine
261 402 328 443 liis
356 414 447 442 non
471 399 590 455 poffe
623 398 694 440 illa
716 399 828 456 ipsa,
880 400 933 441 ad
972 415 1086 455 quae
1120 404 1307 445 studium
1342 421 1430 446 no-

43 471 181 512 strum
204 469 493 518 conferamus,
527 466 616 507 sola
639 467 819 524 intelligi
843 482 984 523 neque
1002 470 1321 527 comprehendi
1345 488 1429 515 ne-

44 552 132 594 que
151 538 236 580 alia
256 551 341 591 qua
365 535 540 577 ratione
558 535 741 591 acquiri.

160 605 385 663 Quoniam
418 603 552 658 igitur
587 618 705 644 nunc
738 611 963 659 tamquam
991 603 1129 647 fabris
1162 607 1290 650 nobis
1327 623 1428 650 ma-

41 674 156 716 teria
197 673 421 729 propofita
461 673 564 713 sunt
612 673 842 713 causarum
889 687 1052 728 genera
1093 673 1145 714 ad
1192 678 1426 719 materiam

40 748 327 799 praeparata,
363 755 385 780 e
406 739 565 795 quibus
588 740 804 795 reliquam
835 749 1012 797 oportet
1036 741 1287 785 orationem
1313 760 1427 787 con-

41 811 163 862 texi,
202 809 354 850 rursus
386 808 440 849 ad
475 808 650 850 initium
685 823 764 849 nos
797 810 1046 852 referamus
1087 811 1236 867 paucis
1272 806 1424 855 verbis

39 877 273 933 statimque
287 876 444 918 eodem
461 877 697 919 redeamus
714 877 831 917 unde
846 877 932 917 huc
947 878 1283 930 de‹=linavimus,
1299 888 1343 922 et
1365 881 1423 922 fi-

39 961 145 988 nem
167 945 255 987 iam
272 946 694 1001 conclufionemque
711 958 930 986 conemur
946 947 1135 988 orationi
1153 950 1426 991 convenien-

38 1020 131 1054 tem
167 1011 402 1069 imponere
420 1014 550 1070 supra
575 1013 717 1055 dictis.
767 1015 1143 1069 quemadmodum
1175 1016 1300 1057 initio
1333 1017 1424 1060 iam

38 1080 314 1132 monuimus,
327 1081 436 1122 haec
459 1096 598 1137 quum
615 1081 876 1137 ‘inordinata
901 1084 1048 1134 essent,
1071 1084 1177 1125 deus
1201 1084 1362 1140 cuique
1381 1092 1426 1127 et

38 1148 93 1190 ad
115 1149 323 1205 seipsum
345 1156 389 1189 et
414 1149 466 1189 acl
493 1156 640 1190 cetera
671 1149 1033 1190 ‹:‹.›11venientia1n
1061 1151 1231 1204 iniecit,
1264 1160 1426 1207 quate-

36 1231 120 1258 nus
150 1223 361 1273 poterant
389 1216 662 1271 respondere
683 1217 801 1258 iuter
820 1219 861 1257 se
884 1225 1020 1273 atque
1039 1220 1291 1263 convenire.
1317 1229 1423 1263 tunc

37 1283 156 1326 enim
177 1297 324 1339 neque
343 1282 581 1338 quicquam
615 1283 776 1325 horum
800 1299 984 1340 compos
1007 1294 1101 1327 erat
1121 1287 1195 1328 nifi
1218 1287 1335 1330 forte
1346 1305 1422 1331 ca-

34 1354 102 1404 su,
136 1366 280 1407 neque
301 1352 487 1393 omnino
511 1351 752 1407 quicquam
775 1365 933 1393 eorum
968 1367 1083 1408 quae
1113 1370 1233 1396 nunc
1265 1359 1424 1413 appel-

32 1420 189 1462 lantur
213 1419 396 1474 dignum
417 1427 513 1460 erat
531 1420 648 1474 quod
673 1420 757 1461 hoc
778 1420 964 1462 nomine
986 1424 1259 1477 signaretur,
1294 1426 1423 1467 velut

34 1489 145 1546 ignis
178 1495 222 1530 et
248 1502 364 1542 aqua
393 1494 436 1527 et
463 1487 741 1542 reliquorum
780 1488 975 1543 aliquid3
1028 1490 1100 1532 fed
1133 1492 1283 1534 omnia
1312 1493 1422 1535 haec

34 1558 231 1615 primum
263 1556 307 1597 iu
338 1555 537 1597 ordinem
566 1555 780 1607 adduxit,
811 1556 973 1598 deinde
995 1573 1052 1599 ex
1073 1558 1142 1600 his
1161 1560 1420 1603 universum

33 1626 170 1668 hocce
190 1623 460 1681 composuit,
503 1623 664 1665 animal
697 1639 837 1665 unum
869 1633 1025 1668 cuncta
1054 1625 1101 1667 in
1125 1627 1163 1668 se
1189 1629 1421 1672 continens

32 1695 242 1736 animalia
261 1702 352 1734 tam
373 1692 582 1733 mortalia
616 1708 747 1748 quam
772 1693 1059 1736 immortalia.
1091 1710 1143 1736 ac-
1162 1695 1420 1739 divinorum

33 1762 215 1819 quidem
238 1761 330 1815 ipse
348 1759 501 1800 exsistit
522 1759 773 1812 fabricator,
808 1761 1063 1802 mortalium
1086 1777 1191 1804 vero
1207 1754 1420 1820 procrea-

34 1831 198 1873 tionem
221 1828 338 1884 proli
361 1829 464 1869 suae
482 1830 722 1870 mandavit.
748 1829 793 1871 hi
819 1837 968 1870 autem
984 1829 1206 1871 imitantes
1229 1838 1271 1872 et
1286 1832 1419 1888 prin-

33 1897 202 1954 cipium
234 1896 374 1937 animi
401 1896 654 1939 immortale
674 1897 892 1938 sumentes
917 1899 1105 1939 mortale
1128 1898 1287 1939 deinde
1312 1914 1417 1940 cor-

32 1981 116 2023 pus
139 1965 180 2006 ei
202 1964 592 2006 circumdederunt.
612 1972 653 2005 et
674 1964 925 2006 vehiculum
950 1973 1086 2007 totum
1108 1980 1268 2022 corpus
1282 1981 1419 2023 prae-

32 2033 250 2083 buerunt,
281 2032 504 2087 aliamque
529 2033 717 2090 speciem
753 2033 889 2075 animi
926 2033 969 2075 in
1000 2049 1051 2075 eo
1081 2035 1416 2090 adstruxerunt,

29 2102 317 2144 vehementes
348 2110 390 2144 et
426 2103 681 2144 necessarias
708 2104 754 2143 in
787 2102 829 2142 se
859 2100 1099 2143 habentem
1133 2101 1415 2157 affectiones3

29 2171 228 2228 primum
250 2170 543 2226 voluptatem,
575 2169 820 2213 maximam
845 2170 1065 2210 malorum
1090 2171 1228 2211 escam
1244 2204 1254 2221 ,
1286 2171 1416 2214 dein-

31 2238 88 2280 de
107 2240 291 2290 dolores,
325 2239 550 2280 malorum
571 2237 711 2293 fugas,
746 2245 975 2293 praeterea
994 2238 1222 2279 andaciam
1250 2245 1290 2279 et
1315 2255 1415 2281 me-

33 2315 141 2356 tum,
174 2314 371 2348 amentes
395 2305 676 2352 confiliari0s‚
700 2312 743 2346 et
766 2305 1041 2347 iracundiam
1068 2305 1414 2362 implacabilem,

29 2377 245 2432 spemque
285 2389 397 2430 quae
436 2373 568 2416 fae-ile
605 2373 782 2415 ducitur
807 2389 830 2415 a
858 2374 980 2413 sensu
1017 2372 1198 2416 rationis
1230 2385 1414 2433 experte

32 2444 325 2498 omniumque
352 2441 558 2483 molitore
578 2457 756 2490 amm-<35
790 2456 897 2496 quas
917 2441 1095 2495 quidem
1120 2445 1413 2486 commiscen-

32 2519 93 2553 tes
118 2509 350 2552 necessario
373 2511 563 2551 mortale
580 2526 717 2567 genus
729 2512 1083 2554 construxerunt.
1117 2518 1161 2551 et
1180 2511 1293 2552 hanc
1313 2511 1415 2567 qui-

31 2579 132 2621 dem
153 2578 210 2620 ob
232 2580 409 2620 causam
446 2587 651 2620 verentes
686 2579 886 2620 divinum
908 2579 1132 2634 polluere,
1177 2578 1249 2619 uisi
1285 2594 1411 2635 pror-

34 2646 102 2688 sus
123 2638 420 2697 iieeeffefferat,
453 2646 645 2689 seorsum
665 2646 721 2688 ab
744 2648 819 2689 illo
841 2646 1060 2688 collocant
1080 2647 1125 2688 in
1136 2645 1223 2688 alio
1245 2661 1409 2702 corpo-

88 2716 202 2756 Tom.
239 2714 289 2754 V.
1089 2716 1121 2757 P
