1657 2876
581 117 916 162 TIMAEUS.
1357 116 1441 176 239

56 234 423 294 prudentizuhaec
436 231 582 276 omnia
596 232 781 289 impleta
794 232 895 274 funt
904 231 1123 280 carnibus,
1137 246 1192 289 qu
1199 234 1443 290 aecffmque

59 313 209 348 autem
230 302 467 361 prudentia
485 294 777 352 sunuminus,
797 299 874 341 nifi
896 298 1015 342 forte
1040 315 1220 343 carnem
1244 301 1443 358 aliquam

59 373 200 430 ipsam
222 387 304 429 per
323 372 366 412 se
378 371 585 412 sensuum
607 369 736 410 causa
757 366 919 409 alicubi
938 367 1001 410 ita
1020 369 1277 420 construxit,
1289 376 1340 412 ut
1358 369 1445 412 lin·

59 455 175 498 guae
201 438 416 498 speciem3
447 436 643 493 plurima
673 450 778 478 vero
809 435 884 478 illa
902 437 1075 479 ratione
1092 437 1252 488 finxit:
1281 443 1445 479 natura

60 508 182 550 enim
211 522 312 549 cum
343 507 589 548 necessitate
620 512 830 562 generata
859 511 904 544 et
934 515 1141 548 concreta
1163 506 1287 547 nullo
1307 504 1443 547 modo

62 576 246 632 suscipit
270 574 455 616 densum
483 590 529 616 os
554 575 830 629 multamque
859 588 1041 616 carnem
1068 589 1158 616 una
1186 586 1291 615 cum
1319 573 1447 614 sensu

62 651 193 685 acute
218 641 519 699 percipiente3
559 643 762 684 maxime
783 641 902 684 enim
925 643 1130 684 omnium
1152 642 1259 683 haec
1290 640 1447 700 capitis

63 711 325 754 constructio
350 711 558 763 haberet,
590 712 618 752 fi
645 725 913 754 concurrere
929 712 1059 754 fimul
1081 714 1265 768 possent,
1295 708 1448 751 homi-

61 794 265 837 numque
295 794 435 836 genus
467 783 701 822 carnosum
732 781 862 835 super
883 782 925 821 se
944 780 1112 822 habens
1135 786 1180 821 et
1205 780 1450 821 nervosum

63 850 357 905 validumque
370 856 506 905 eaput
524 848 662 891 vitani
680 856 858 891 nactum
873 852 974 891 effet
984 848 1128 889 altero
1139 854 1264 890 tanto
1277 846 1450 888 multis-

64 934 151 975 que
162 916 366 976 partibus
379 916 638 973 longiorem,
652 918 870 960 saniorem
885 924 927 959 et
940 915 1092 958 dolore
1109 913 1250 971 magis
1261 927 1446 955 vacuam

64 1002 199 1043 quam
219 1000 332 1042 quae
353 1000 472 1028 nunc
488 987 570 1038 est3
601 1002 722 1029 nuuc
753 1003 859 1029 vero
882 985 1057 1041 generis
1076 984 1208 1025 nostri
1228 981 1453 1024 effectori-

64 1055 170 1107 bus,
200 1069 338 1111 quum
370 1054 594 1098 rationem
618 1055 834 1097 haberent
855 1063 1007 1097 utrum
1031 1049 1287 1096 diuturnius
1323 1050 1453 1092 deie-

64 1124 250 1179 riusque
277 1138 334 1164 an
359 1123 542 1165 brevius
561 1123 614 1166 ad
636 1132 813 1180 tempus
833 1124 999 1166 durans
1018 1120 1273 1175 meliusque
1292 1118 1338 1161 id
1357 1119 1454 1161 red-

67 1192 249 1245 derent,
281 1190 514 1233 videbatur
538 1191 726 1248 longiori
746 1191 980 1248 viliorique
1003 1190 1125 1232 vitae
1155 1187 1336 1230 brevior
1357 1202 1455 1228 me—

67 1260 244 1317 liorque
280 1258 403 1300 omni
440 1260 620 1314 prorsus
649 1261 786 1302 modo
828 1258 1143 1318 anteponenda
1179 1259 1287 1308 effe3
1337 1270 1455 1311 quo-

69 1328 186 1370 circa
207 1342 310 1370 raro
333 1325 517 1382 quidem
537 1330 648 1377 offe,
674 1327 807 1369 nullis
831 1342 940 1369 vero
963 1326 1172 1369 carnibus
1192 1338 1275 1366 nec
1297 1323 1456 1367 nervis

71 1402 220 1453 caput,
234 1394 403 1452 quippe
427 1394 645 1439 flexiones
670 1410 761 1437 non
782 1395 967 1453 habens,
980 1396 1267 1437 obtexerunt.
1300 1406 1457 1433 omnes

69 1464 208 1520 igitur
227 1463 306 1505 has
327 1463 381 1504 ob
400 1465 549 1507 causas
571 1465 624 1506 ad
648 1464 820 1507 sensum
848 1464 1026 1521 quidem
1049 1460 1268 1505 valentius
1289 1468 1332 1502 et
1351 1474 1458 1516 pru-

73 1530 277 1583 dentius,
307 1532 452 1573 multo
474 1539 626 1573 autem
657 1531 919 1575 imbecillius
946 1531 1157 1588 cuiusque
1183 1529 1272 1572 viri
1295 1544 1459 1585 corpo-

73 1601 112 1643 ri
134 1601 381 1658 appofitum
411 1601 469 1641 est
487 1609 634 1658 caput.
685 1616 849 1644 nervos
882 1608 1032 1643 autem
1059 1599 1177 1641 hanc
1203 1597 1262 1639 ob
1284 1599 1462 1640 causam

75 1677 121 1711 et
142 1668 205 1711 ita
229 1669 337 1710 deus
355 1676 562 1710 extremo
580 1684 627 1710 ca
636 1669 711 1725 piti
730 1670 1012 1712 circumiecit
1031 1675 1078 1709 et
1097 1666 1144 1708 in
1165 1666 1323 1708 orbem
1343 1664 1463 1708 circa

75 1739 242 1781 collum
272 1737 566 1794 agglutinavit
597 1738 872 1793 aequaliter,
909 1745 956 1779 et
989 1737 1196 1779 maxillas
1243 1742 1464 1778 extremas

75 1822 182 1850 cum
209 1806 262 1849 iis
293 1805 520 1862 colligavit
542 1805 622 1847 sub
647 1814 854 1850 naturam
883 1809 1058 1859 vultus3
1089 1806 1287 1859 reliquos
1310 1802 1464 1845 omnia.

73 1890 158 1934 per
188 1874 392 1917 membra
415 1875 626 1932 dispersit,
659 1876 874 1933 copulans
885 1875 1127 1917 articulum
1142 1887 1245 1916 cum
1259 1871 1464 1915 articulo·

74 1945 224 1999 Atque
247 1943 336 1985 oris
357 1943 492 1984 nostri
519 1944 609 1986 vim
639 1943 847 1986 dentibus
869 1952 913 1986 et
934 1943 1087 2000 lingua
1109 1949 1153 1984 et
1172 1939 1297 1983 labiis
1318 1940 1466 1982 neces-

74 2012 295 2055 sariarum
327 2011 691 2070 optimatumque
724 2028 880 2055 rerum
910 2013 1038 2055 causa
1073 2011 1354 2054 adornarunt
1386 2006 1467 2065 >qui

76 2097 159 2124 nos
180 2081 540 2130 adornaverunt,
569 2081 678 2123 ficut
700 2097 819 2124 nunc
845 2080 1051 2138 disposita
1074 2080 1198 2128 sunt,
1227 2075 1468 2118 introitum

79 2149 261 2206 quidem
293 2150 633 2192 neceffariarum
661 2164 815 2192 rerum
841 2149 969 2192 causa
993 2145 1263 2198 machinati,
1293 2144 1468 2186 exitum

81 2232 193 2259 vero
217 2217 494 2275 optimarum
519 2220 667 2263 causan
693 2218 861 2261 etenim
874 2216 1234 2260 neceffariumest
1251 2213 1469 2270 quicquid

81 2285 222 2328 intrat
241 2287 503 2331 alimentum
529 2287 750 2344 praebens
771 2287 972 2345 corpori,
1002 2281 1218 2327 sermonis
1239 2297 1350 2324 vero
1378 2282 1471 2325 flu·

83 2369 191 2396 men
225 2354 336 2396 foris
369 2369 557 2397 manans
590 2357 878 2411 serviensque
910 2351 1176 2412 prudentiae
1209 2350 1472 2408 pulcherri-

83 2437 212 2465 mum
237 2431 281 2464 et
307 2423 527 2480 optimum
555 2425 755 2466 omnium
777 2423 1032 2466 fluminum.
1094 2419 1239 2477 Caput
1259 2433 1365 2461 vero
1383 2434 1470 2460 ne-

83 2506 171 2547 que
197 2494 362 2532 offeurn
396 2493 710 2535 tantummodo
740 2493 915 2535 nudum
940 2487 1135 2544 relinqui
1167 2495 1341 2546 poterat
1359 2501 1471 2544 pro-

84 2565 186 2616 pter
217 2557 321 2599 anni
354 2565 556 2615 tempora
581 2576 698 2616 quae
727 2562 770 2603 in
803 2567 1047 2613 utramque
1074 2564 1252 2615 partem
1280 2554 1472 2597 modum

86 2625 214 2668 facile
239 2634 497 2678 transeunt,
531 2643 676 2685 neque
707 2630 838 2672 etiam
864 2626 1027 2684 negligi
1059 2624 1322 2668 obvolutum
1342 2623 1401 2665 ita
1420 2628 1472 2664 ut
