1657 2876
580 156 911 201 TIMAEUS.
1360 164 1442 222 259

54 287 156 317 rum
180 269 469 314 instrumenta
488 267 766 320 exstiterunt,
799 272 978 326 quando
998 274 1171 328 sanguis
1206 291 1297 318 non
1326 292 1349 317 e
1373 279 1443 320 ci-

55 341 121 383 bis
143 348 187 382 et
216 340 393 398 potibus
425 345 614 380 naturae
643 340 966 383 convenienter
995 342 1082 383 sese
1107 344 1289 399 implet,
1320 346 1391 385 ied
1417 361 1441 387 e

53 409 283 451 contrariis
319 414 498 465 praeter
531 415 721 450 naturae
753 409 868 465 leges
902 410 1068 452 molem
1103 412 1278 467 accipit.
1333 413 1442 455 dum

52 478 191 534 igitur
224 494 251 520 a
277 475 445 518 morbis
468 491 571 518 caro
602 491 805 533 quaeque
830 477 1105 529 dissolvitur,
1138 479 1306 520 radices
1330 497 1441 523 vero

54 546 94 588 ei
116 552 320 594 manent,
352 543 538 586 dimidia
569 547 627 586 est
661 546 728 588 vis
755 545 1040 596 calamitatis3
1071 545 1204 588 facile
1227 549 1342 590 enim
1365 549 1442 590 illa

52 613 311 671 recuperari
336 614 490 669 potest.
522 629 663 669 quum
692 623 842 656 autem
865 615 908 656 id
934 614 1054 669 quod
1078 630 1232 656 carnes
1255 631 1358 658 cum
1381 618 1442 657 os-

52 685 167 725 sibus
189 681 329 724 nectit
351 690 579 736 aegrotat,
612 698 694 723 nec
716 684 806 725 iam
825 683 998 740 sanguis
1022 698 1046 723 e
1069 682 1192 724 fibris
1222 692 1264 724 et
1291 685 1442 726 nervis

53 753 244 792 secretus
278 750 438 791 osfibus
464 749 726 793 alimentum
758 751 964 808 praebet,
996 766 1265 808 quamquam
1297 753 1441 794 carnis

53 828 98 861 et
117 819 272 860 ossium
303 819 460 859 exfistit
483 818 736 869 vinculum,
771 819 840 859 sed
865 835 888 860 e
909 819 1065 875 pingui
1097 827 1138 860 et
1159 821 1247 862 levi
1273 829 1317 862 et
1341 822 1444 877 giu-

52 889 193 930 1i110so
221 887 348 943 asper
368 894 409 927 et
430 887 562 928 salsus
594 886 665 938 fit,
695 887 866 943 quippe
895 889 1090 929 arescens
1121 896 1306 946 propter
1340 905 1442 946 pra-

53 971 166 998 vum
194 955 383 1009 victum,
409 963 501 997 turn
527 955 722 1010 quidque
745 955 806 996 ila
831 955 1044 998 affectum
1069 958 1317 999 conteritur
1339 957 1442 1012 qui-

55 1025 158 1066 dem
182 1025 322 1082 ipsum
346 1024 500 1064 rursus
521 1023 600 1064 sub
623 1038 776 1065 carnes
799 1031 842 1063 et
863 1039 1039 1071 nerv03‚
1065 1026 1269 1066 secedens
1290 1026 1345 1066 ab
1368 1026 1442 1067 os-

52 1093 192 1146 fibus‚
232 1107 385 1133 carnes
409 1107 515 1133 vero
550 1106 574 1132 e
603 1091 824 1133 radicibus
847 1093 969 1134 fimul
998 1094 1250 1135 excidentes
1280 1108 1443 1134 nervos

52 1164 315 1215 relinquunt
343 1161 485 1201 nudos
515 1161 759 1217 plenosque
788 1161 877 1201 falfi
909 1162 1136 1209 humoris,
1181 1162 1301 1217 ipsae
1336 1161 1442 1202 dein

52 1229 206 1273 rursus
228 1228 273 1269 in
296 1227 519 1281 sanguinis
538 1229 715 1270 cursum
743 1228 989 1271 incidentes
1018 1230 1200 1271 morbos
1220 1232 1352 1285 supra
1373 1231 1442 1271 di-

54 1305 148 1340 ctos
167 1296 319 1352 plures
341 1296 553 1337 efficiunt.
603 1295 815 1352 gravibus
839 1305 986 1339 autem
1018 1299 1086 1339 his
1108 1299 1306 1355 corporis
1331 1298 1444 1340 affe-

55 1363 273 1406 ctionibus
297 1365 487 1406 maiores
514 1364 648 1406 etiam
674 1366 880 1406 exsistunt
902 1381 1013 1421 quae
1035 1367 1130 1408 illas
1152 1369 1442 1423 praecedunt,

56 1448 194 1487 quum
231 1447 279 1473 os
309 1441 491 1489 propter
518 1433 664 1475 carnis
696 1433 954 1474 densitatem
983 1434 1325 1489 respirationem
1347 1450 1443 1476 non

54 1502 211 1543 iustam
232 1501 393 1557 accipit
418 1508 459 1541 el
480 1516 506 1542 a
530 1502 651 1541 carie
671 1501 935 1542 incalescens
962 1504 1231 1558 exesumque
1252 1504 1444 1545 aliment-

54 1578 154 1612 tuni
168 1570 339 1612 nullum
356 1569 952 1627 1·ecipit‚ipsumquei11illud
967 1571 1195 1612 contrario
1215 1572 1349 1613 modo
1368 1588 1444 1612 le-

55 1639 246 1680 vertitur
258 1637 610 1689 contritum‚l1oc
633 1654 740 1680 vero
760 1638 806 1679 in
828 1647 1051 1683 carnes,et
1072 1655 1173 1680 caro
1192 1639 1240 1680 in
1265 1639 1446 1695 sangui·-

57 1722 162 1749 nem
183 1707 380 1748 incidens
405 1706 648 1763 asperiores
670 1722 827 1748 omnes
846 1706 1146 1763 superioribus
1170 1707 1351 1749 morbos
1374 1708 1447 1748 ei«-

58 1775 162 1818 ficit.
205 1776 407 1816 omnium
437 1783 588 1816 autem
620 1783 899 1826 extremum,
930 1789 1070 1830 quum
1102 1776 1325 1817 medullae
1360 1791 1448 1816 na-

60 1852 162 1886 tura
198 1859 221 1884 e
255 1842 430 1886 defectu
464 1844 535 1884 vel
564 1843 705 1885 nimia
724 1843 872 1898 aliqua
890 1843 1015 1896 copia
1038 1851 1261 1899 aegrotat,
1293 1845 1446 1886 maxi-

59 1928 159 1955 mos
182 1920 225 1953 et
245 1912 297 1953 ad
319 1919 507 1954 mortem
533 1911 847 1954 efficacissimos
865 1912 1047 1953 morbos
1066 1912 1213 1964 affert,
1234 1913 1445 1954 universa

62 1981 258 2038 corporis
281 1988 443 2023 natura
464 1995 567 2022 cum
603 1981 847 2022 necessitate
873 1980 1028 2021 ordine
1057 1980 1233 2023 inverso
1256 1981 1443 2022 fluente.

62 2052 260 2093 Tertiam
281 2050 545 2092 morborum
567 2050 757 2107 speciem
790 2047 1011 2090 trifariam
1034 2048 1134 2091 fieri
1166 2058 1343 2106 oportet
1362 2065 1444 2092 exv

62 2118 268 2170 istimari‚
299 2133 322 2159 e
346 2117 522 2175 spiritu,
555 2135 577 2159 e
602 2119 758 2175 pituita
782 2126 825 2158 et
854 2132 875 2158 e
907 2116 994 2159 bili.
1035 2118 1213 2173 qnando
1236 2119 1444 2160 videlicet

62 2187 141 2244 qui
171 2186 404 2242 spirituum
442 2189 619 2244 corpori
646 2193 912 2244 procurator
931 2187 988 2227 est
1012 2187 1169 2243 pulmo
1194 2202 1284 2228 non
1308 2203 1443 2244 puros

63 2255 248 2313 praebet
275 2255 479 2298 transitus
503 2271 528 2296 a
558 2254 833 2297 fluxionibus
853 2253 1123 2304 obstructus,
1154 2255 1330 2311 spiritus
1355 2256 1445 2298 huc

65 2323 248 2380 quidem
276 2338 364 2365 non
391 2325 586 2377 intrans,
616 2325 720 2366 illuc
748 2339 853 2366 vero
879 2323 1090 2381 copiosior
1118 2337 1253 2376 quam
1277 2339 1445 2366 conve-

65 2393 134 2435 nit
162 2392 413 2450 ingrediens
449 2409 500 2436 ea
530 2408 642 2451 quae
672 2392 963 2451 respiratione
1006 2399 1158 2435 carent
1185 2392 1442 2451 putrefacit,

1070 2734 1160 2777 R2
