1657 2876
714 125 1016 172 CRITIAS.
1484 119 1570 178 309

179 246 256 290 nia
275 244 361 290 rite
381 251 507 287 erant
527 248 754 300 apparata.
811 240 876 283 Ac
898 254 1054 296 regum
1078 240 1259 297 quidem
1285 236 1567 283 domicilium

178 315 242 357 ita
275 321 370 356 erat
397 312 683 358 instructum3
715 315 876 365 portus
896 322 1004 350 vero
1029 317 1121 351 tres
1141 309 1384 353 exteriores
1413 315 1567 350 trans-

179 385 372 438 greffum
396 394 552 425 murus
574 376 822 435 excipiebat
842 391 868 419 a
893 392 1033 433 usque
1052 379 1169 421 mari
1195 378 1348 420 omnia
1365 376 1564 432 cingens,

180 451 257 507 qui
278 448 597 507 quinquaginta
622 446 758 490 stadia
779 461 805 487 a
832 445 1030 489 maximo
1051 447 1160 489 orbe
1187 454 1232 489 et
1251 452 1386 505 portu
1411 443 1567 486 aberat

179 519 305 561 omni
332 533 388 560 ex
417 524 568 574 parte,
607 524 650 559 et
678 513 968 558 concludebat
998 515 1130 558 fossae
1157 515 1315 558 ostium
1349 512 1406 556 ad
1437 526 1565 555 mare

179 588 344 630 versus.
393 592 438 627 et
465 586 582 629 hanc
613 585 795 642 quidem
827 590 966 626 totam
987 584 1220 641 regionem
1246 582 1418 627 multae
1451 579 1565 622 den-

177 656 336 710 saeque
364 653 662 698 habitationes
692 651 1000 710 occupabant,
1032 653 1149 695 finus
1175 667 1286 695 vero
1315 649 1564 695 maximus-

176 738 264 780 que
285 729 444 780 portus
463 722 718 766 abundabat
738 721 925 777 navigiis
951 729 997 764 et
1015 721 1342 764 mercatoribus
1363 718 1565 773 undique

176 790 529 844 confluentibus,
570 792 649 847 qui
691 789 1088 841 vociferationem,
1127 789 1378 833 tumultum
1414 783 1562 828 omnis

173 860 349 916 generis
371 867 416 900 et
432 860 665 917 strepitum
693 860 789 902 dies
818 867 1060 916 noctesque
1089 865 1279 918 propter
1300 852 1564 900 multitudi-

173 944 281 972 nem
307 927 514 971 edebant.

285 1056 356 1098 De
385 1054 500 1098 urbe
527 1062 573 1097 et
597 1055 781 1111 antiqua
805 1054 1082 1098 habitatione
1105 1055 1222 1103 fere,
1252 1060 1305 1096 ut
1329 1060 1438 1095 tunc
1464 1055 1563 1091 tra-

174 1124 379 1172 debatur,
399 1139 523 1166 nunc
543 1125 788 1182 expositum
807 1126 886 1174 est;
910 1125 1111 1182 reliquae
1127 1125 1220 1167 iam
1239 1119 1433 1178 regionis
1454 1131 1560 1173 quo-

171 1194 307 1238 modo
329 1201 490 1236 natura
509 1195 554 1235 se
573 1192 779 1236 habuerit
808 1201 852 1235 et
872 1194 1194 1236 constitutionis
1221 1191 1388 1249 species
1416 1184 1562 1243 qualis

170 1262 312 1305 fuerit
330 1276 690 1303 commemorare
708 1262 963 1305 conandum
983 1263 1054 1304 est.
1087 1277 1137 1304 ac
1149 1260 1352 1318 primum
1373 1255 1560 1312 quidem

171 1332 293 1373 locus
313 1337 433 1370 totus
454 1328 687 1371 dicebatur
700 1329 942 1372 admodum
960 1331 1100 1372 editus
1123 1336 1167 1370 et
1185 1333 1455 1386 praeruptus
1477 1335 1561 1379 per

171 1412 299 1441 mare
321 1399 417 1447 effe,
428 1394 554 1452 regio
572 1403 724 1438 autem
744 1397 861 1438 circa
887 1398 1045 1440 urbem
1065 1397 1276 1439 universa
1290 1390 1562 1452 campestris,

171 1469 294 1510 illam
337 1464 518 1522 quidem
553 1462 756 1517 cingens,
805 1465 899 1522 ipsa
934 1480 1043 1506 vero
1089 1465 1379 1506 circumcirca
1416 1460 1562 1503 cincta

172 1534 400 1579 montibus
427 1546 570 1589 usque
597 1533 652 1575 ad
682 1547 807 1575 mare
829 1533 1048 1585 demisfis,
1079 1532 1193 1574 levis
1222 1539 1264 1572 et
1285 1531 1447 1587 plana,
1476 1525 1559 1568 ob·-

171 1606 306 1660 longa
326 1617 434 1644 vero
454 1607 561 1648 tota,
594 1614 652 1643 ex
675 1602 812 1644 altera
830 1610 956 1660 parte
980 1601 1116 1644 stadia
1134 1608 1202 1642 ter
1223 1598 1360 1650 mille,
1390 1598 1438 1639 in
1457 1609 1560 1638 me-

173 1672 246 1714 dio
269 1687 294 1713 a
313 1669 429 1712 mari
454 1671 626 1712 sursum
651 1669 715 1711 bis
736 1670 872 1712 mille.
911 1672 1034 1713 locus
1058 1676 1211 1711 autem
1230 1666 1304 1709 hic
1324 1664 1462 1706 totius
1483 1662 1560 1704 in-

173 1741 290 1783 sulae
309 1739 365 1781 ad
385 1738 519 1780 austri
544 1746 696 1796 partes
715 1735 956 1780 conversus
979 1745 1097 1791 erat,
1127 1740 1184 1780 ad
1202 1724 1559 1793 septentrionem

171 1809 226 1852 ab
255 1807 462 1865 aquilone
482 1815 724 1865 protectus,
763 1815 937 1849 montes
959 1822 1069 1849 vero
1094 1805 1169 1861 qui
1198 1812 1306 1846 tunc
1333 1816 1437 1846 eum
1459 1799 1559 1841 cin-

170 1877 334 1935 gebant
363 1876 489 1933 copia
526 1885 570 1919 et
597 1875 907 1933 magnitudine
937 1883 979 1917 et
1008 1872 1344 1932 pulchritudine
1372 1867 1558 1929 praedi-

171 1946 388 1989 cabantur
425 1945 633 1987 omnibus
669 1945 746 2001 qui
777 1960 896 1987 nunc
928 1945 1031 1985 sunt
1070 1941 1348 1999 praestitisse,
1387 1938 1556 1982 multos

171 2014 352 2072 quidem
376 2013 497 2056 vicos
521 2021 562 2056 et
583 2013 741 2056 divites
760 2014 1014 2056 accolarum
1044 2012 1091 2054 in
1119 2014 1162 2054 se
1188 2010 1406 2053 habentes
1421 2039 1435 2060 ‚
1463 2006 1555 2048 ssu-

170 2083 267 2125 vios
296 2098 433 2140 porro
464 2089 508 2123 et
536 2083 684 2138 stagna
713 2089 756 2123 et
788 2089 917 2138 prata
935 2081 1142 2124 omnibus
1171 2088 1216 2123 et
1247 2075 1486 2123 mansuetis
1511 2080 1556 2114 et

169 2151 277 2194 feris
299 2150 599 2192 animantibus
622 2149 722 2192 satis
749 2149 950 2192 alimenti
980 2149 1264 2207 praebentia,
1299 2146 1554 2204 sylvamque

170 2227 214 2261 ct
233 2219 287 2262 ad
311 2218 484 2275 copiam
506 2225 550 2260 et
567 2217 620 2259 ad
644 2231 807 2273 genera
825 2219 1001 2261 variam
1017 2218 1258 2274 omniaque
1280 2216 1335 2258 ad
1358 2227 1494 2270 opera
1512 2217 1554 2251 et

171 2289 227 2330 ad
254 2287 421 2344 singula
438 2287 619 2341 largam.
643 2288 703 2329 ita
724 2286 862 2342 igitur
885 2301 1071 2343 campus
1098 2294 1258 2328 natura
1281 2279 1552 2338 etaregibus

170 2356 325 2400 multis
339 2356 503 2398 multos
525 2369 756 2412 perminus
781 2356 984 2398 excultus
1005 2363 1114 2398 erat.
1136 2353 1379 2411 quadratus
1402 2357 1552 2393 autem

169 2432 264 2468 erat
287 2441 345 2467 ex
365 2423 561 2466 maxima
581 2432 708 2481 parte
727 2431 875 2466 rectus
895 2431 937 2465 et
949 2423 1179 2481 oblongus,
1193 2434 1237 2466 et
1250 2421 1369 2479 quod
1393 2435 1418 2462 a
1435 2423 1556 2460 recta

169 2494 289 2538 linea
311 2491 476 2543 aberat,
496 2491 539 2534 id
564 2491 834 2549 dirigebatur
857 2491 966 2535 fossa
982 2491 1272 2535 circumcirca
1297 2489 1453 2537 ducta3
1477 2498 1559 2525 cu-

170 2562 238 2606 ius
273 2561 488 2613 altitudo,
519 2560 706 2604 latitudo
740 2570 784 2605 et
806 2560 1036 2618 longitudo
1065 2559 1344 2606 incredibiles
1374 2552 1558 2612 quidem
