1657 2876
597 137 926 184 TIMAEUS.
1370 136 1449 180 255

73 258 192 300 enim
211 271 388 313 quoque
409 261 581 297 mutato
604 261 646 294 et
668 252 886 309 migrante
903 252 1169 294 incalescunt
1191 267 1301 309 quae
1320 252 1448 309 prius

72 326 314 384 frigebant,
344 326 446 366 ficca
466 329 614 365 autem
634 322 679 364 in
701 324 920 379 posterum
942 320 1055 362 fiunt
1080 320 1262 362 humida
1278 350 1289 369 ,
1321 329 1365 361 et
1383 322 1449 362 le-

69 396 144 438 via
165 408 341 451 quoque
362 400 403 432 et
419 390 570 447 gravia
591 399 820 446 ceteraque
842 404 995 431 omnes
1026 389 1207 430 omnino
1235 388 1450 431 mutatio-

71 479 146 506 nes
179 461 416 518 accipiunt.
457 461 600 501 sotum
630 458 858 507 videlieet,
900 466 949 499 ut
983 459 1212 514 ponimus,
1253 457 1296 498 id
1328 455 1450 511 quod

70 532 146 574 fibi
170 531 330 573 constat
351 536 393 569 et
422 542 511 569 una
532 527 777 582 eademque
795 527 964 568 ratione
984 533 1026 567 et
1044 541 1125 580 pro
1150 524 1354 583 portione
1373 539 1450 567 ac-

71 601 188 644 cedit
207 605 252 640 et
273 595 457 646 decedit,
480 597 586 637 finet
604 595 645 636 id
677 595 791 650 quod
814 594 931 637 idem
955 596 1012 637 est
1033 603 1167 650 atque
1194 595 1335 650 ipsum
1360 591 1449 632 sat-

69 683 175 713 vum
195 675 234 709 et
254 667 409 707 sanum
426 678 630 712 manere3
655 663 955 720 quodcunque
979 678 1084 705 vero
1106 663 1160 704 ab
1180 662 1261 704 hac
1276 661 1449 703 ratione

70 738 248 781 aberrat
270 734 485 776 decedens
510 733 576 773 vel
598 732 808 773 accedens
825 766 835 779 ,
866 732 908 773 id
935 731 1205 774 diverfitates
1225 729 1335 769 varii
1355 743 1450 768 om-

68 807 227 861 nisque
256 802 427 859 generis
458 808 501 842 et
532 800 712 842 morbos
749 809 790 842 et
818 801 1126 856 corruptiones
1156 797 1351 840 infinitas
1377 794 1449 837 af-

68 875 198 917 feret.
223 869 440 913 secundae
462 884 597 926 porro
617 884 754 924 quum
781 870 1123 911 constructiones
1141 874 1326 908 naturae
1346 880 1450 906 con-

67 942 304 986 venienter
323 937 538 979 conflatae
563 939 662 989 fint,
695 938 879 979 secunda
902 937 1165 979 morborum
1197 934 1448 976 confidet-a-

68 1011 132 1054 tio
160 1007 349 1064 obtingit
384 1007 687 1064 perspectum.
732 1007 835 1061 quia
869 1006 987 1062 enim
1015 1004 1208 1047 medulla
1229 1011 1273 1044 et
1295 1005 1379 1044 ossa
1407 1009 1450 1043 et:

70 1093 173 1121 caro
195 1085 238 1118 et
260 1091 423 1118 nervus
453 1090 508 1116 ex
533 1075 619 1117 illis
641 1088 869 1131 compacta
887 1077 1003 1126 sunt,
1021 1082 1249 1132 praeterea
1273 1084 1449 1126 quoque

68 1146 243 1203 sanguis
262 1178 272 1197 ‚
309 1143 395 1185 alio
416 1143 595 1197 quidem
623 1145 754 1185 modo
771 1179 781 1194 ‚
814 1160 867 1186 ex
891 1143 1040 1185 iisdem
1066 1157 1170 1183 vero
1192 1148 1343 1187 natus,
1376 1155 1451 1181 re-

65 1217 296 1272 liquorum
323 1212 500 1268 quidem
531 1211 676 1252 morbi
706 1211 889 1268 plurimi
919 1209 1297 1266 quemadmodum
1329 1209 1451 1266 prio-

68 1299 139 1327 res
165 1280 404 1331 eveniunt,
450 1279 640 1320 maximi
685 1294 791 1320 vero
822 1280 943 1335 iique
973 1294 1130 1336 graves
1163 1279 1243 1320 hac
1275 1278 1451 1320 ratione

67 1351 299 1396 incidunt:
340 1363 481 1404 quum
511 1347 718 1389 videlicet
746 1362 903 1388 eorum
936 1355 1056 1388 ortus
1091 1349 1250 1389 ordine
1272 1347 1450 1388 inverso

68 1417 382 1480 progreditur,
421 1424 514 1457 tum
551 1423 922 1473 corrumpuntur.
973 1417 1215 1458 secundum
1241 1425 1452 1458 naturam

69 1489 188 1531 enim
217 1499 371 1527 carnes
407 1491 449 1525 et
481 1484 611 1525 nervi
640 1500 663 1524 e
692 1483 902 1539 sanguine
931 1485 1158 1536 exfistunt,
1199 1493 1243 1526 et
1280 1499 1452 1525 nervus

69 1557 252 1614 quidem
285 1569 309 1594 e
338 1552 463 1594 fibris
494 1561 679 1609 propter
726 1553 1058 1610 cognationem,
1101 1567 1254 1594 carnes
1289 1567 1397 1593 vero
1428 1565 1453 1591 e

72 1629 305 1680 compacto
349 1636 399 1662 eo
440 1622 557 1675 quod
597 1637 620 1662 a
659 1622 782 1664 fibris
822 1624 1069 1680 separatum
1104 1621 1290 1666 coaluit;
1333 1618 1453 1674 quod

72 1702 221 1738 autem
286 1705 311 1731 a
361 1689 511 1730 nervis
561 1698 605 1730 et
660 1691 864 1732 carnibus
923 1689 1120 1731 abscedit
1177 1686 1453 1744 glutinosum

66 1761 177 1804 illud
227 1758 407 1816 quidem
455 1766 498 1798 et
546 1759 709 1815 pingue
729 1792 739 1811 ‚
791 1760 832 1801 id
879 1760 1006 1800 fimul
1054 1772 1234 1800 carnem
1295 1756 1452 1796 offlam

69 1837 259 1872 naturae
307 1826 552 1882 agglutinat
596 1826 780 1884 ipsaque
829 1827 1071 1870 medullam
1128 1822 1453 1870 circumdantia

70 1899 158 1939 offa
203 1894 345 1937 nutrit
389 1902 433 1935 et
481 1903 613 1951 auget
631 1898 654 1946 ‚l
693 1896 736 1936 id
786 1910 918 1952 porro
965 1895 1086 1952 quod
1137 1910 1216 1951 per
1265 1893 1454 1934 denfita-

69 1973 161 2007 tem
200 1964 351 2006 ossium
393 1963 722 2005 transfunditur
761 1964 1040 2020 purisfimum
1072 1979 1213 2022 genus
1246 1961 1453 2016 triangu-

68 2035 246 2084 lorum,
282 2031 543 2074 levisfimum
578 2038 619 2071 et
651 2031 1009 2087 pinguissimum,
1040 2032 1182 2079 fluens
1210 2031 1262 2073 ab
1291 2029 1453 2072 Osfibus

71 2109 203 2159 atque
222 2100 402 2150 stillans,
434 2099 592 2154 irrigat
613 2099 872 2142 medullam.
906 2108 949 2142 et
970 2101 1053 2142 hac
1072 2101 1253 2157 quidem
1278 2099 1454 2141 ratione

71 2183 274 2227 quaeque
308 2183 445 2224 quum
480 2168 708 2219 accidunt,
749 2168 908 2210 sanitas
945 2169 1134 2226 obtingit
1163 2185 1214 2210 ex
1253 2169 1454 2210 maxima

71 2245 220 2295 parte,
254 2236 401 2278 morbi
423 2252 557 2284 vero,
591 2250 730 2291 quum
750 2244 915 2279 contra.
948 2252 1087 2292 quum
1112 2237 1230 2279 enim
1260 2253 1362 2280 caro
1395 2237 1457 2279 li·-

73 2305 282 2362 quescens
303 2305 449 2346 rursus
475 2304 522 2346 in
540 2319 681 2346 venas
703 2305 967 2360 lique-scendi
998 2307 1156 2348 statum
1177 2305 1455 2358 transmittit,

72 2381 171 2415 tum
190 2386 279 2414 una
297 2388 399 2414 cum
423 2371 581 2428 spiritu
610 2371 782 2428 sanguis
816 2374 981 2414 multus
1009 2381 1051 2414 et
1077 2374 1226 2416 varius
1259 2375 1304 2416 in
1326 2374 1454 2417 venis

74 2440 295 2484 coloribus
330 2447 373 2481 et
403 2440 728 2491 amaritudine,
760 2450 991 2497 praeterea
1011 2441 1144 2484 acidis
1174 2450 1219 2484 et
1250 2443 1361 2485 saltis
1382 2442 1455 2483 vi·-

13 2526 17 2528 ’
73 2509 466 2567 ribus-distinctus,
500 2507 632 2550 bilem
655 2518 696 2550 et
720 2511 867 2552 serum
892 2519 931 2551 et
955 2511 1158 2568 pituitam
1190 2512 1332 2567 giguit
1353 2525 1454 2552 om·-

10 2598 13 2600 ·
72 2579 140 2620 nis
160 2577 354 2633 generis;
394 2576 617 2618 contraria
646 2577 763 2619 enim
794 2578 968 2619 ratione
1001 2593 1139 2634 quum
1167 2581 1318 2621 omnia
1341 2579 1455 2619 fiunt

75 2654 121 2690 et
148 2653 524 2703 corrumpuntur,
557 2645 699 2701 ipsum
731 2645 985 2702 sanguinem
1017 2648 1214 2703 primum
1242 2648 1452 2704 perdunt,
