1657 2876
603 131 937 176 TIMAEUS.
1376 146 1458 190 217

81 244 298 289 sectiones
319 253 362 288 et
382 247 527 289 causas
557 257 711 286 eorum
734 259 847 302 quae
865 245 962 287 illas
988 244 1185 293 afferunt
1204 247 1460 291 conandum

82 315 257 367 dicere,
289 315 319 356 fi
340 329 425 371 qua
445 314 751 370 potuerimus3
782 329 833 355 ac
857 313 1055 369 primum
1077 315 1252 370 quidem
1273 331 1385 372 quae
1405 317 1462 358 de

79 381 348 425 humoribus
369 389 545 438 agentes
562 382 606 422 in
620 382 920 438 superioribus
941 381 1330 439 praetermisimus,
1350 400 1461 440 pro-

80 451 204 509 prias
216 451 310 493 illas
331 451 507 506 quidem
523 448 1301 507 linguaeaffectiones,patefacienda
1314 452 1463 507 quoad

83 519 178 561 cius
196 519 295 561 fieri
312 518 486 571 poterit.
513 519 723 561 videntur
743 535 796 561 an
806 526 891 560 tem
914 519 1020 560 haec
1035 532 1227 573 qnoque.
1251 519 1354 561 ficut
1367 521 1464 577 ple-

81 602 237 641 raque,
268 601 350 643 per
371 587 679 629 concretiones
697 587 907 643 quasdam
930 594 972 628 et
997 586 1260 628 secretiones
1282 586 1392 637 fieri,
1421 596 1467 631 et

82 663 262 713 praeter
290 656 366 697 has
397 656 542 697 multo
566 656 703 710 magis
731 670 868 711 quam
894 655 1066 710 reliqua
1089 656 1398 710 asperitatibus
1422 663 1468 699 et

81 722 340 764 levitatibus
372 722 452 766 uti.
504 737 809 779 quaecumque
843 723 961 766 enim
993 722 1203 765 intrantia
1234 724 1281 765 in
1316 739 1468 779 venas,

82 805 198 847 quae
212 799 437 845 tamquam
452 792 734 847 probationes
750 791 927 848 linguae
938 791 992 833 ad
1007 792 1410 846 commendantur,
1425 801 1469 836 et

81 858 130 902 in
161 858 368 900 humidas
398 860 641 915 mollesque
670 861 816 904 carnis
840 869 984 917 partes
1011 859 1276 911 incidentia,
1306 875 1468 917 easque

82 934 285 969 terrenas
311 927 584 982 liquefactas,
612 931 884 970 contrahunt
911 943 1044 971 venas
1068 937 1111 970 et
1132 931 1372 979 exficcant,
1402 946 1468 983 ea,

83 997 112 1037 fi
153 996 369 1052 asperiora
399 997 525 1049 funt,
565 997 746 1042 acerba,
791 998 939 1039 minus
966 1012 1073 1039 vero
1105 999 1257 1054 aspera
1297 1001 1470 1042 austera

85 1064 130 1105 se
183 1064 420 1115 exhibent,
484 1078 542 1107 ex
580 1067 647 1108 his
694 1073 841 1108 autem
887 1081 999 1122 quae
1049 1074 1249 1126 purgant
1289 1068 1473 1110 omnia-

88 1146 174 1188 que
208 1132 383 1188 linguae
421 1133 706 1176 adhaerentia
735 1134 940 1187 abluunt,
979 1136 1006 1176 fi
1046 1136 1165 1177 ultra
1205 1135 1393 1177 modum
1423 1136 1470 1178 id

83 1200 258 1242 faciunt
289 1208 330 1241 et
360 1200 542 1259 insuper
583 1204 814 1244 assumunt
843 1212 892 1244 ut
919 1202 972 1244 de
1002 1203 1095 1259 ipsa
1117 1210 1276 1244 natura
1301 1203 1472 1259 aliquid

83 1268 377 1324 liquefaciant
410 1277 453 1310 et
483 1271 764 1322 consumant,
804 1271 927 1312 velut
947 1271 1058 1313 nitri
1077 1270 1160 1322 vis,
1192 1285 1344 1312 amara
1367 1287 1474 1313 om-

86 1337 164 1380 nia
194 1337 305 1378 haec
337 1337 557 1393 appellata
593 1339 719 1391 sunt3
761 1353 812 1379 ea
844 1346 998 1380 contra
1031 1353 1143 1393 quae
1170 1338 1475 1381 moderatiora

87 1405 191 1447 sunt
221 1404 327 1445 nitri
359 1405 516 1448 habitu
538 1407 773 1463 leniusque
799 1406 989 1449 abluunt
1013 1406 1119 1446 salsa
1143 1406 1231 1447 fine
1253 1407 1475 1448 amaritu-

90 1473 195 1515 dine
221 1472 372 1528 aspera
400 1481 610 1530 grataque
640 1476 779 1530 magis
809 1475 934 1517 nobis
963 1473 1184 1517 videntur.
1225 1488 1340 1530 quae
1365 1489 1474 1516 vero

90 1541 283 1582 calorem
308 1556 409 1582 cum
434 1557 510 1583 ore
539 1543 888 1592 communicant,
920 1542 974 1583 ab
1001 1557 1054 1583 eo
1078 1542 1386 1590 emolliuntur,
1416 1542 1476 1583 fi-

87 1609 185 1651 mul
200 1609 494 1650 exardescunt
514 1611 755 1665 rursusque
775 1610 1024 1652 incendunt
1049 1609 1092 1651 id
1123 1610 1239 1666 quod
1260 1609 1473 1660 calefacit,

87 1692 174 1735 pro
198 1677 380 1718 levitate
402 1678 478 1719 sua
498 1679 669 1720 sursum
692 1678 901 1720 seruntur
919 1679 972 1720 ad
994 1677 1150 1735 capitis
1175 1678 1343 1729 sensus,
1374 1693 1477 1720 om-

89 1746 255 1800 niaque
292 1747 435 1786 secant
480 1746 527 1787 in
568 1761 680 1802 quae
721 1747 950 1798 incidunt,
999 1753 1187 1803 propter
1232 1746 1312 1787 has
1357 1746 1477 1787 vires

89 1815 208 1856 acria
237 1814 390 1858 omnia
416 1812 526 1854 haec
560 1813 781 1859 dicuntur.
839 1815 895 1856 de
921 1815 1073 1856 iisdem
1108 1829 1217 1856 vero
1247 1829 1359 1869 quae
1393 1829 1478 1856 an-

91 1890 138 1924 te
160 1889 464 1924 extenuantur
497 1897 523 1923 a
553 1883 794 1938 putredine
823 1883 925 1924 etin
951 1883 1149 1938 angustas
1167 1897 1303 1924 venas
1323 1881 1477 1938 ingre-

92 1950 278 1993 diuntur
316 1950 604 2007 partibusque
646 1951 707 1993 ibi
740 1950 1012 1994 exstantibus
1052 1951 1239 1992 terrenis
1274 1957 1317 1991 et
1349 1948 1477 1992 aeriis

93 2019 409 2061 convenienter
437 2020 479 2060 se
499 2012 687 2066 haben-t,
725 2019 786 2062 ita
813 2027 863 2061 ut
885 2027 1010 2061 motu
1038 2020 1115 2061 suo
1136 2017 1329 2060 efficiant
1348 2026 1399 2059 ut
1419 2017 1480 2059 il-

92 2088 161 2131 lae
180 2089 296 2130 inter
318 2090 362 2129 se
380 2086 725 2139 confundantur,
758 2086 962 2130 confusae
984 2087 1100 2129 inter
1123 2089 1165 2127 se
1189 2086 1422 2128 incurrant
1433 2092 1479 2126 et

93 2157 142 2198 in
169 2156 275 2197 alias
307 2156 518 2213 ingreffae
545 2156 651 2198 alias
681 2171 808 2197 cavas
832 2154 1022 2198 efficiant
1043 2156 1209 2196 circum
1237 2169 1309 2195 eas
1334 2154 1478 2196 tensas

96 2239 210 2279 quae
232 2225 641 2282 intrant—quippe
663 2223 854 2266 humore
874 2224 1040 2266 circum
1071 2223 1220 2266 aerem
1241 2231 1352 2264 cavo
1373 2230 1477 2263 ten-

96 2292 155 2343 se,
186 2293 319 2334 modo
341 2301 522 2336 terreno
543 2293 675 2336 modo
698 2293 828 2334 etiam
851 2307 980 2349 pum,
995 2291 1181 2333 humida
1201 2291 1479 2348 receptacula

99 2360 218 2402 a'essris
243 2377 384 2416 aquae
410 2377 540 2406 cavae
569 2370 610 2403 et
631 2361 830 2417 globosae
850 2361 986 2407 fiunt,
1020 2367 1061 2401 et
1084 2375 1138 2402 ex
1163 2374 1275 2417 puro
1296 2358 1477 2416 quidem

97 2430 290 2471 humore
313 2445 426 2486 quae
451 2431 659 2473 oriuntur
678 2429 895 2486 pellucida
919 2428 1114 2471 evadunt
1133 2428 1370 2483 bullaeque
1394 2441 1478 2467 no-

100 2498 352 2556 minantur,
381 2514 498 2556 quae
519 2514 624 2543 vero
649 2513 671 2541 e
696 2506 899 2552 terreno,
942 2497 1069 2541 fimul
1088 2496 1251 2555 agitato
1273 2504 1318 2540 et
1332 2494 1474 2538 subla-
