1657 2876
659 143 955 190 POLITIA
991 145 1078 190 IX.
1513 157 1562 192 lt

183 261 346 320 quippe
374 255 451 316 qui
477 259 569 317 ipse
606 261 723 302 solus
763 259 978 317 imperet,
1022 274 1126 301 eum
1160 259 1235 317 qui
1268 261 1361 320 ipso
1388 271 1565 307 tenetur

182 338 409 384 tamquam
433 329 656 371 civitatem
687 329 734 370 in
755 343 938 370 omnem
959 328 1138 370 inducet
1164 331 1413 382 audaciam,
1446 334 1566 374 unde

181 405 226 439 et
245 398 288 438 se
311 398 456 453 ipsum
490 405 534 439 et
555 397 734 439 turbam
760 397 999 438 satellitum
1031 397 1211 437 suorum
1240 399 1429 451 nutriet,
1472 407 1564 442 tarn

179 465 453 507 extrinsecus
485 466 720 519 ingressam
756 481 780 506 e
811 466 924 506 mala
961 464 1305 516 consuetudine,
1336 481 1467 521 quam
1492 467 1568 509 in·-

178 534 394 575 trinsecus
422 534 477 574 ab
506 534 673 576 eisdem
699 533 898 575 moribus
929 542 971 574 et
993 533 1046 575 ab
1078 533 1168 589 ipso
1191 533 1409 576 remissam
1435 545 1568 589 atque

178 601 438 654 liberatam3
478 618 535 643 an
557 618 651 644 non
676 605 782 644 haec
805 604 863 643 est
893 601 1151 644 huiusmodi
1183 600 1271 642 viri
1296 601 1414 643 vita?
1448 604 1568 646 Haeo

177 670 310 720 sane,
344 671 507 725 inquit.
568 671 662 712 Iam
684 672 712 711 fi
742 672 951 729 exiguus,
984 671 1185 725 inquam,
1219 684 1377 711 eorum
1403 686 1568 714 nume-

178 753 254 780 rus
277 736 323 778 in
351 737 527 780 civitate
562 746 606 779 et
642 739 817 795 reliqua
846 739 1087 781 multitudo
1107 738 1326 780 rationem
1351 740 1568 793 sequitur,

179 807 445 860 emigrantes
469 807 545 848 alii
568 807 610 848 se
637 807 844 850 satellites
867 809 1115 863 adiungunt
1138 815 1325 863 tyranno
1354 808 1424 849 vel
1449 824 1566 850 mer-

179 874 286 916 cede
306 875 594 924 auxiliantur,
616 876 749 917 sicubi
770 876 934 918 bellum
956 876 1149 932 geritur‚·
1178 877 1239 917 fin
1257 890 1367 916 vero
1394 875 1438 917 in
1459 892 1569 933 pace

179 951 221 984 et
239 943 479 999 tranquillo
498 946 611 991 sunt,
628 945 718 1000 ipsa
738 946 783 986 in
807 946 918 986 urbe
940 945 1137 986 facinora
1159 944 1446 985 committunt
1467 946 1569 987 exi-

179 1025 265 1066 gua
284 1013 437 1054 multa.
501 1012 665 1068 Qualia
690 1013 867 1055 tandem
895 1013 1030 1055 dicis?
1064 1013 1197 1056 Velut
1219 1011 1455 1065 furantur,
1484 1028 1569 1070 pa-

179 1080 312 1122 rietes
342 1081 630 1138 perfodiunt,
661 1096 900 1123 crumenas
929 1083 1156 1130 desecant,
1197 1081 1409 1138 spoliant,
1449 1084 1570 1124 sacra

179 1147 405 1199 auferunt,
438 1150 485 1190 in
506 1150 770 1190 servitutem
794 1149 1044 1194 abducunt,
1076 1164 1420 1205 nonnumquam
1444 1151 1569 1192 calu·

179 1216 378 1268 niantu1·‚
408 1219 437 1259 fi
461 1219 648 1260 dicendo
672 1219 836 1268 valent,
860 1217 965 1258 salsa
985 1217 1233 1258 testimonia
1254 1216 1407 1259 dicunt
1423 1220 1570 1260 etlar-

179 1285 393 1340 gitionem
429 1287 670 1344 accipiunt.
728 1285 904 1341 Exigua
929 1285 1135 1341 quidem,
1166 1284 1335 1340 inquit,
1367 1286 1570 1329 facinora.

180 1353 309 1403 dicis,
345 1354 372 1396 fi
392 1356 521 1412 pauci
552 1357 652 1397 sunt
679 1356 800 1398 tales.
859 1355 1031 1410 Exigua
1055 1369 1186 1405 vero,
1220 1354 1431 1408 inquam,
1463 1370 1569 1397 cum

178 1422 349 1479 magnis
379 1424 535 1467 collata
568 1425 727 1481 exigua
756 1425 877 1472 sunt,
921 1433 963 1465 et
995 1425 1102 1466 haec
1132 1424 1312 1479 quidem
1335 1425 1507 1477 omnia,
1540 1427 1569 1467 fi

178 1492 446 1549 pravitatem
468 1509 518 1536 ac
540 1493 763 1535 miseriam
785 1493 965 1549 specum,
997 1508 1053 1534 ne
1074 1494 1292 1535 accedunt
1311 1492 1490 1547 quidem
1513 1493 1570 1536 ad

181 1568 438 1616 tyrannum.
479 1562 654 1617 quando
677 1561 796 1603 enim
827 1561 960 1602 multi
983 1561 1029 1602 in
1054 1560 1232 1602 civitate
1267 1562 1469 1602 exsistunt
1495 1570 1570 1603 ta-

179 1629 244 1670 les
263 1629 424 1685 aliique
437 1629 518 1670 hos
538 1630 764 1684 sequentes
786 1631 1003 1684 suamque
1025 1630 1398 1671 animadvertunt.
1417 1630 1571 1671 multi-

180 1697 400 1745 tudinem,
435 1705 526 1738 tum
548 1697 594 1737 hi
616 1698 717 1737 sunt
746 1696 821 1752 qui
843 1704 1087 1752 tyrannum
1112 1698 1466 1753 gignuntpopuli
1488 1699 1570 1739 de-

179 1764 348 1805 mentia
377 1763 684 1809 adiuvante‚et
707 1779 809 1804 euni
823 1765 998 1818 quidem
1016 1780 1068 1805 ox
1080 1765 1264 1806 suorum
1284 1779 1476 1808 numero
1492 1767 1569 1823 qui

180 1832 226 1874 in
259 1833 301 1874 se
328 1833 418 1889 ipse
451 1830 707 1872 maximum
739 1839 783 1872 et
822 1832 1045 1873 summum
1079 1832 1296 1874 inanimo
1319 1841 1569 1890 tyrannum

179 1899 325 1942 habet.
387 1900 747 1942 Consentaneum
771 1914 894 1946 vero,
926 1899 1097 1955 inquit3
1126 1899 1322 1943 maxime
1343 1902 1461 1944 enim
1484 1904 1570 1946 erit

181 1967 449 2024 tyrannicus.
507 1968 666 2010 Nonne
686 1983 820 2014 vero‚
853 1969 882 2009 fi
918 1969 1116 2009 volentes
1141 1983 1232 2009 non
1256 1970 1462 2013 obediant
1486 1988 1569 2015 neo

183 2035 335 2077 civitas
365 2036 405 2076 ei
435 2036 707 2091 permiserit,
750 2037 1126 2091 quemadmodum
1164 2044 1272 2078 tunc
1297 2048 1489 2083 matrem
1525 2048 1570 2082 et

180 2111 355 2162 patrem
379 2105 631 2159 castigabat,
661 2106 715 2146 fic
734 2104 871 2146 etiam
894 2105 1112 2161 patriam,
1148 2106 1176 2146 fi
1195 2107 1411 2162 potuerit,
1444 2111 1569 2160 castj-

182 2172 301 2228 gabit
330 2188 470 2215 novos
493 2173 782 2214 introducens
801 2173 984 2224 sodales,
1018 2182 1060 2215 et
1089 2174 1156 2215 his
1177 2175 1435 2216 servientem
1459 2177 1568 2218 olim

183 2241 257 2283 fibi
275 2257 422 2284 caram
438 2243 659 2291 matriam,
672 2242 961 2283 utCretenses
978 2241 1143 2290 dicunt,
1160 2251 1204 2284 et
1223 2244 1415 2299 patriam
1429 2244 1568 2285 habe-

184 2309 250 2350 bit
269 2318 403 2365 atque
421 2309 618 2352 nutriet?
649 2317 691 2350 et
711 2309 781 2351 hic
801 2311 980 2365 quidem
1003 2309 1102 2351 finis
1128 2310 1212 2353 erit
1223 2311 1475 2369 cupiditatis
1488 2312 1568 2353 hu-

184 2376 378 2420 jusmodi
405 2377 506 2420 viri.
565 2377 859 2434 Hicfinquit,
895 2379 994 2420 fane
1014 2379 1109 2422 erit.

300 2513 460 2556 Nonne
484 2529 616 2567 vero,
647 2515 850 2572 inquam,
880 2518 925 2560 1ιί
947 2518 1051 2560 tales
1072 2518 1276 2560 exsistunt
1297 2517 1506 2575 privatim
1528 2523 1572 2559 et

186 2590 429 2639 antequam
448 2583 701 2642 imperant?
730 2585 929 2642 primum
955 2587 1134 2643 quidem
1158 2586 1277 2630 inter
1297 2601 1369 2630 eos
1388 2586 1573 2628 versan-
