1657 2876
587 104 880 155 PO'LI'TIA
918 110 974 156 X.
1407 118 1462 175 95

85 227 279 280 lautitias
301 225 484 270 narrare
505 223 550 266 e't
572 225 861 282 spectationes
887 221 1055 270 mirum
1078 238 1209 286 quam
1239 231 1466 289 pulchras.

85 311 136 340 ac
158 298 351 355 plurima
385 293 590 350 quidem,
622 293 814 344 Glauco,
847 309 1034 338 narrare
1058 302 1186 341 muln*
1214 305 1267 342 et}
1292 311 1468 360 tempo-

84 365 170 416 ris3
203 366 417 406 summam
446 370 595 404 autem
626 363 737 404 dixit
764 363 809 404 in
835 361 920 405 hoc
950 366 1203 409 confistere:
1235 379 1342 424 quot
1363 386 1469 412 um-

84 443 218 489 quam
243 431 371 474 alicui
395 429 580 472 iniurias
608 429 798 473 fecissent
823 438 867 471 et
888 433 1242 490 quibuscumque
1270 440 1469 493 quisque,

83 501 242 553 harum
265 500 466 541 omnium
490 513 655 555 poenas
675 500 833 541 ‹lediffe
854 500 1285 561 singulos‚cuiusque
1302 507 1467 555 deciesg

81 569 170 612 hoc
190 575 336 609 autem
361 571 442 610 effe
463 568 658 610 centenis
680 568 931 623 quibusque
951 572 1092 613 annis-
1114 573 1218 627 quia
1242 573 1358 614 vitae
1383 575 1470 614 bu-

81 651 241 680 manae
264 644 435 679 tantum
457 640 556 678 effet
577 637 794 692 spatium,
827 645 875 679 ut
900 639 1118 682 malefacti
1146 656 1306 696 poenas
1326 641 1469 682 decies

79 707 278 757 luerent,
308 707 427 746 velut
450 705 480 744 fi
504 705 578 759 qui
596 705 843 746 multorum
868 707 1012 748 caedis
1032 708 1206 751 causam
1233 709 1471 750 sustinuis-

81 775 200 828 sent,
226 774 294 815 vel
315 773 514 815 civitates
542 773 778 830 prodentes
803 775 872 815 vel
897 776 1120 818 exercitus
1150 786 1191 817 et
1213 778 1254 818 in
1278 777 1472 818 servitu-

82 852 171 886 tem
204 842 491 885 conjicientes
511 875 522 893 ‚
553 843 626 883 vel
647 841 776 882 aliam
801 856 932 897 quam
962 845 1258 888 calamitatem
1294 845 1473 888 intulis-

78 913 193 958 sent,
217 910 415 952 omnium
439 911 597 952 horum
624 910 837 963 cuiusque
859 910 1001 955 decies
1022 929 1187 969 poenas
1211 916 1471 970 penderent,

82 989 218 1035 atque
249 982 382 1021 etiam
418 979 448 1019 fi
479 994 588 1031 quos
621 978 843 1020 beneficiis
870 979 1109 1024 affecissent
1135 982 1319 1038 iustique
1342 991 1386 1024 et
1408 982 1472 1039 pii

82 1049 359 1101 exstitissent,
404 1046 558 1087 eodem
595 1047 728 1089 modo
764 1063 844 1104 pro
875 1049 1088 1103 dignitate
1123 1051 1468 1093 honorarentur.

82 1118 136 1160 de
160 1117 221 1158 eis
243 1130 352 1156 vero
381 1114 456 1169 qui
487 1115 627 1155 statim
652 1122 702 1155 ut
733 1116 822 1155 nati
854 1114 1032 1159 fuilrent
1063 1127 1256 1162 mortem
1290 1120 1474 1162 obissent

82 1195 125 1229 et
145 1186 281 1228 breve
305 1191 478 1238 tempus
515 1180 718 1223 vixiffent
747 1182 829 1223 alia
864 1186 1016 1226 retulit
1048 1185 1166 1227 haud
1201 1187 1330 1242 digna
1359 1201 1473 1242 quae

80 1259 402 1298 memorentur.
416 1249 587 1305 pietatis
599 1263 744 1291 autem
761 1257 803 1291 et
823 1250 1063 1307 impietatis
1084 1267 1185 1309 eiga
1199 1254 1304 1296 deos
1323 1264 1368 1296 et
1391 1271 1474 1312 pa-

79 1330 230 1367 rentes
253 1319 497 1374 mortisque
519 1318 738 1360 constitae
767 1320 901 1360 etiam
933 1319 1121 1361 maiores
1140 1337 1474 1364 commemora-

81 1393 149 1434 vit
178 1389 418 1433 mercedes.
450 1386 647 1428 narravit
670 1387 790 1428 enim
822 1387 862 1427 se
889 1387 1072 1430 adfuiffe
1103 1405 1240 1446 quum
1274 1393 1388 1433 alter
1416 1391 1472 1433 ab

82 1463 224 1504 altero
266 1459 623 1511 interrogaretur
658 1455 733 1496 ubi
772 1459 873 1498 effet
905 1458 1123 1499 Aridaeus
1158 1475 1361 1516 magnus.
1401 1459 1475 1502 hie

83 1536 230 1572 autem
252 1526 465 1569 Aridaeus
499 1524 541 1565 in
568 1523 861 1580 Pamphyliae
891 1524 1000 1566 urbe
1030 1527 1220 1580 quadam
1250 1537 1472 1586 tyrannus

80 1598 260 1646 fuerat,
291 1593 450 1635 abhinc
476 1592 605 1633 annis
636 1593 722 1632 iam
746 1592 888 1641 mille,
921 1593 1067 1635 senem
1097 1604 1270 1649 patrem
1296 1596 1472 1636 occide-

81 1674 151 1710 nat
189 1663 460 1716 fratremque
499 1670 605 1701 natu
646 1660 860 1701 maiorem
884 1691 894 1708 ‚
946 1669 989 1703 et
1030 1661 1114 1703 alia
1153 1665 1294 1705 multa
1333 1663 1474 1721 impia

82 1731 390 1780 commiserat,
429 1738 479 1770 ut
515 1727 790 1769 tradebatur.
842 1727 953 1770 dixit
982 1730 1118 1785 igitur
1146 1732 1471 1788 interrogatum

81 1798 372 1857 respondisse:
403 1798 502 1839 Non
538 1796 658 1837 venit
690 1809 772 1834 nec
804 1797 948 1837 veniet
977 1798 1076 1839 huc.
1108 1799 1304 1840 vidimus
1338 1799 1472 1855 igitur

85 1869 215 1912 etiam
236 1866 318 1908 hoc
340 1865 553 1907 horribile
574 1863 880 1920 spectaculum.
904 1880 1040 1920 quum
1069 1882 1207 1923 prope
1227 1868 1380 1909 ostium
1404 1868 1471 1908 es-

84 1940 229 1980 semus
255 1935 428 1990 reliqua
457 1934 606 1975 onmia
638 1932 827 1989 perpessi
861 1939 905 1974 et
935 1935 1202 1976 adscendere
1237 1935 1470 1987 vellemus,

85 2006 210 2050 iilum
236 2003 548 2060 conspeximus
576 2009 760 2058 repente
791 2001 991 2053 aliosque
1029 2003 1246 2059 plurimos
1274 2001 1369 2042 fere
1399 2012 1473 2059 ty—

84 2087 271 2120 rannos;
304 2070 487 2114 aderant
509 2068 638 2111 etiam
664 2070 826 2124 privati
855 2070 1034 2126 quidam
1055 2086 1110 2112 ex
1139 2072 1193 2113 iis
1214 2071 1288 2126 qui
1309 2086 1473 2127 magna

85 2147 512 2199 peccaverant‚quos
538 2137 769 2194 opinantes
797 2138 834 2178 [e
858 2138 947 2179 iam
971 2139 1252 2180 adscensuros
1276 2130 1471 2182 effenon

87 2209 328 2267 recipiebat
357 2207 535 2255 ostium,
577 2207 649 2247 sed
685 2206 939 2262 mugiebat,
980 2207 1350 2263 quotiescumque
1384 2208 1473 2250 ali-

87 2278 186 2335 quis
208 2292 358 2319 eorum
384 2277 456 2332 qui
478 2284 565 2316 tam
588 2274 818 2316 insanabili
840 2278 973 2317 essent
996 2274 1284 2330 improbitate
1307 2277 1374 2317 vel
1392 2275 1472 2332 qui

87 2362 181 2388 non
201 2345 300 2386 satis
320 2359 485 2401 poenas
508 2343 647 2386 luiffet
666 2352 904 2386 conaretur
924 2342 1207 2384 adscendere.
1243 2344 1315 2385 hic
1335 2344 1472 2400 igitur

89 2414 193 2463 viri,
223 2412 383 2466 inquit,
412 2413 498 2454 feri
519 2420 563 2455 et
580 2413 785 2454 ardentes
810 2413 862 2454 ad
887 2411 1155 2466 adspectum.
1192 2427 1332 2468 prope
1353 2414 1471 2454 stan-

90 2490 154 2526 tes
187 2489 230 2525 et
259 2480 488 2523 fremitum
518 2480 837 2537 percipientes,
873 2480 975 2521 illos
1014 2480 1195 2536 quidem
1227 2481 1467 2539 separatim
