1657 2876
530 135 827 181 PoL1T1A
867 137 924 181 x.
1352 153 1401 196 91

35 252 258 296 contraria
283 253 445 296 horum
471 257 649 306 oportet
675 249 832 292 statui?
860 249 1023 295 Etiam.
1084 252 1142 298 Et
1170 255 1280 298 haec
1306 239 1408 297 'fere

33 331 169 365 erunt
194 338 219 364 a
241 321 324 364 diis
345 316 664 376 proficiscentia
688 315 784 360 iusti
803 318 1016 373 praemia.
1076 322 1145 364 Ex
1168 339 1266 366 mea
1288 330 1410 366 certe

34 389 268 442 sententia,
299 385 455 442 inquit.
504 385 626 443 Quid
649 400 777 438 vero,
808 385 1014 441 inquam,
1045 388 1099 430 ab
1121 389 1410 433 hominibus?

34 473 182 502 nonne
205 456 265 498 ita
289 454 442 506 habet,
472 456 500 497 fi
522 470 680 497 verum
711 469 790 497 nos
821 454 952 497 fateri
985 465 1188 514 oportet:
1221 458 1339 502 vafri
1369 466 1413 500 et

33 528 176 571 iniusti
205 526 322 567 idem
352 522 523 566 faciunt
552 524 672 580 quod
704 525 928 576 cursores,
970 525 1050 580 qui
1079 525 1194 568 bene
1227 535 1413 568 currunt

35 612 96 639 ex
120 592 331 638 inferiore
347 593 462 640 loco.
486 607 542 634 ex
564 593 794 651 superiore
809 600 959 635 autem
983 608 1077 635 non
1096 593 1239 637 item?
1269 595 1414 652 primo

35 663 239 707 videlicet
257 661 459 703 celeriter
480 661 706 712 desiliunt,
727 661 780 703 ad
802 668 1052 704 extremum
1075 670 1227 704 autem
1246 662 1416 704 ridicu-

34 733 98 776 los
128 731 171 771 se
195 729 433 788 praebent,
463 744 594 771 aures
627 729 680 770 ad
707 729 918 772 humeros
946 729 1226 773 demittentes
1254 738 1296 772 et
1330 731 1418 771 fine

35 814 199 844 corona
222 796 500 854 aufugientes
515 829 526 851 ‚
546 797 643 839 veri
664 804 817 839 contra
838 799 1037 840 cursores
1054 799 1107 841 ad
1131 806 1294 841 metam
1314 812 1421 854 per-

35 868 263 910 venientes
289 866 489 923 praemia
520 864 745 922 accipiunt
775 872 818 907 et
841 873 1129 911 coronantur.
1160 879 1310 908 nonne
1338 865 1422 907 hoc

39 939 173 980 etiam
196 935 312 979 iustis
334 950 389 976 ex
410 933 611 976 maxima
631 941 760 989 parte
782 934 950 988 evenit,
972 943 1022 976 ut
1040 935 1094 977 ad
1117 934 1253 977 finem
1275 934 1423 977 cuius-

40 1022 127 1062 que
140 1004 321 1047 actionis
336 1011 380 1044 et
401 1002 728 1045 communitatis
743 1009 787 1042 et
807 1003 923 1044 vitae
940 1002 1127 1058 gloriam
1144 1004 1425 1060 consequan-

38 1084 117 1117 tur
137 1081 180 1114 et
203 1072 411 1114 victuriae
433 1071 614 1126 insignia
646 1069 700 1112 ab
731 1070 984 1113 hominibus
1012 1072 1275 1129 reportent?
1307 1071 1425 1115 Sane

41 1141 238 1198 quidem.
298 1139 534 1181 Permittes
566 1137 704 1194 igitur
731 1138 843 1180 mihi
872 1146 922 1180 ut
952 1140 1000 1181 in
1026 1139 1096 1181 his
1131 1141 1275 1182 dicam
1312 1153 1428 1195 quae

41 1210 137 1269 ipse
159 1207 300 1251 dixisti
323 1207 369 1247 in
392 1205 583 1256 iniustisg
617 1205 760 1247 dicam
781 1205 987 1248 videlicet
1014 1207 1168 1258 iustos,
1199 1221 1340 1262 quum
1359 1207 1428 1247 se-

41 1278 192 1322 niores
223 1274 322 1317 facti
349 1273 540 1325 fuerint,
563 1273 613 1314 'in
635 1273 812 1315 civitate
834 1274 908 1316 sua
939 1289 1245 1332 quascumque
1269 1275 1430 1316 volue-

42 1345 138 1389 rint
161 1344 390 1401 potestates
411 1356 590 1398 gerere,
612 1356 801 1383 uxorem
824 1341 991 1384 ducere
1010 1343 1329 1398 undecumque
1350 1357 1430 1383 vo·-

41 1412 211 1457 luerint
227 1418 510 1468 nuptumque
532 1409 639 1450 dare
658 1409 1019 1466 quibuscumque
1036 1411 1241 1459 libuerit3
1266 1418 1307 1452 et
1331 1425 1430 1452 om-

46 1483 120 1525 nia
143 1494 256 1537 quae
275 1487 322 1520 tu
347 1478 393 1519 in
419 1478 527 1531 illis,
557 1493 636 1534 ego
659 1493 779 1520 nunc
809 1479 906 1520 dico
934 1479 982 1521 in
1010 1479 1095 1522 his.
1135 1487 1269 1534 atque
1297 1479 1433 1521 etiam

47 1551 95 1593 in
118 1549 307 1598 iniustis,
339 1547 576 1603 plerosque
598 1561 752 1588 eorum
766 1581 776 1598 ,
810 1547 977 1588 etiamsi
997 1547 1184 1589 iuvenes
1205 1548 1433 1598 latuerint,

49 1620 99 1661 in
121 1616 213 1658 fine
233 1615 384 1655 cursus
405 1614 700 1669 deprehensos
732 1614 944 1657 ridiculos
968 1615 1049 1655 effe
1074 1615 1283 1670 senesque
1298 1614 1436 1657 factos

51 1685 212 1730 misere
235 1681 509 1724 contumelia
530 1681 685 1724 vexari
715 1681 766 1722 ab
787 1683 949 1724 exteris
980 1690 1026 1724 et
1046 1682 1239 1734 civibus,
1269 1682 1436 1724 verbe-

51 1753 178 1797 ribus
197 1750 417 1804 castigatos
441 1756 484 1789 et
504 1763 618 1803 quae
646 1751 776 1791 saeva
799 1759 845 1791 tu
867 1750 1015 1792 aiebas
1036 1754 1120 1794 esse
1142 1765 1251 1791 vere
1272 1750 1435 1801 dicens,

53 1819 243 1876 [deinde
271 1815 467 1870 torqueri
501 1825 545 1858 et
576 1818 765 1871 exurij,
798 1819 947 1859 omnia
977 1818 1051 1859 illa
1082 1818 1279 1860 existima
1307 1834 1334 1860 a
1364 1833 1438 1860 me

54 1901 234 1944 quoque
256 1884 412 1926 audire
432 1900 505 1926 eos
531 1886 640 1942 pati.
672 1894 718 1927 at
747 1885 869 1942 quod
892 1886 1008 1937 dixi,
1040 1885 1141 1928 vide
1169 1902 1225 1928 an
1250 1886 1434 1942 permis-

55 1957 182 1998 surus
202 1956 268 1996 fis.
325 1952 441 1995 Sane
460 1953 661 2009 quidem,
693 1953 863 2010 inquit3
897 1953 1004 1996 iusta
1025 1954 1146 1997 enim
1177 1955 1296 1998 dicis.

173 2090 304 2147 Quae
326 2089 483 2146 igitur,
514 2090 696 2145 inquam
712 2124 723 2141 ‚
742 2088 913 2131 viventi
932 2088 1041 2131 iusto
1062 2105 1085 2131 a
1113 2089 1196 2132 diis
1221 2097 1264 2132 et
1289 2089 1442 2132 homi-

61 2159 191 2202 nibus
216 2158 413 2215 praemia
433 2167 476 2201 et
501 2158 726 2201 mercedes
747 2165 792 2200 et
809 2172 998 2199 munera
1026 2157 1290 2201 tribuuntur
1309 2173 1444 2214 prae-

62 2236 131 2269 ter
148 2227 262 2268 bona
282 2226 356 2268 illa
379 2241 492 2283 quae
514 2227 606 2284 ipsa
623 2226 838 2269 afferebat
854 2225 1026 2277 iustitia,
1047 2225 1157 2267 haec
1180 2225 1273 2267 fere
1294 2233 1444 2268 erunt.

64 2294 317 2339 Admodum
336 2295 409 2337 illa
431 2296 610 2351 quidem
624 2328 635 2348 ‚
655 2296 821 2351 inquit,
841 2295 1075 2352 praeclara
1092 2302 1136 2336 et
1158 2302 1292 2336 certa.
1325 2294 1447 2337 Haec

66 2374 240 2415 tamen,
271 2364 479 2418 inquam,
511 2363 622 2406 nihil
647 2365 748 2406 sunt
767 2362 1051 2406 multitudine
1076 2370 1120 2405 et
1141 2362 1447 2417 magnitudine

67 2433 126 2476 ad
154 2432 231 2473 illa
254 2447 365 2487 quae
394 2440 621 2475 mortuum
656 2439 899 2489 utrumque
923 2440 1118 2474 manent.
1159 2439 1336 2488 oportet
1365 2447 1448 2473 au-

67 2508 160 2544 tem
186 2515 236 2543 ea
263 2499 428 2554 audiri,
459 2508 510 2542 ut
526 2500 724 2560 perfecte
745 2509 934 2557 uterque
955 2514 1111 2544 eorum
1133 2500 1318 2558 accipiat
1337 2513 1446 2556 quae
