1657 2876
644 105 982 153 TIMAEUS.
1424 123 1501 157 127

121 228 340 279 quotquot
376 226 500 262 erant
538 217 763 259 veteribus
805 220 1093 277 temporibus.
1135 222 1207 264 issa
1243 233 1361 267 cei-le
1390 239 1502 281 quae

118 291 276 342 modo,
299 290 457 340 Solon,
478 286 532 327 de
553 287 804 328 vestrorum
837 288 898 328 lio
912 289 1086 330 minum
1107 292 1238 347 stirpe
1261 309 1310 333 ac
1336 308 1501 349 genere

119 358 369 414 exposuisti,
415 370 440 396 a
481 354 727 412 puerilibus
763 357 1015 413 paullulum
1061 357 1273 401 differunt
1315 361 1501 415 fabulis;

115 426 316 482 primum
337 423 454 464 enim
475 438 612 464 unam
634 431 780 465 terrae
801 425 1056 466 eluvionem
1079 427 1295 468 memoria
1326 432 1501 484 tenetis,

115 510 255 551 quum
288 492 452 534 multae
488 499 591 533 ante
620 491 815 544 fuerint,
859 501 956 534 tum
987 492 1342 548 pulcherrimum
1379 498 1501 552 opti-

114 575 331 616 mumque
352 558 587 602 hominum
604 574 743 615 genus
756 561 804 602 in
826 562 966 602 vestra
986 561 1168 615 regione
1185 563 1356 604 nescitis
1376 565 1498 606 exsti-

114 631 228 681 tiffe,
262 645 315 670 ex
335 643 424 683 quo
450 636 497 670 tu
515 640 557 669 et
577 629 783 670 universa
806 631 948 670 vestra
978 630 1137 671 civitas
1167 645 1288 671 nunc
1317 630 1499 675 oriundi

113 697 206 740 estis
224 697 380 738 relicto
403 697 510 739 olim
532 697 702 738 lemine
727 697 914 753 exiguo,
945 698 1019 739 sed
1041 696 1155 754 fugit
1175 698 1262 739 hoc
1284 713 1363 741 vos
1378 731 1389 752 ‚
1422 700 1498 756 qui

111 767 353 822 superstites
375 766 538 807 multas
559 780 640 822 per
661 773 827 806 aetates
849 780 874 806 a
895 765 1053 808 litteris
1073 766 1345 809 interierunt
1367 768 1496 812 muti.

110 841 206 876 erat
238 833 442 875 videlicet
475 833 739 889 aliquand0‚
778 834 939 882 Solon,
968 835 1103 892 supra
1130 835 1379 878 maximam
1413 851 1498 895 per

109 917 245 958 aquas
268 903 604 944 exstinctionem
630 901 788 944 civitas
811 916 922 957 quae
946 916 1065 943 nunc
1082 904 1140 944 est
1161 904 1496 947 Athenienfium

110 979 202 1012 tam
235 971 406 1027 optima
440 972 494 1013 ad
527 971 691 1012 bellum
722 985 857 1026 quam
888 970 941 1011 ad
970 971 1122 1012 omnia
1149 971 1345 1027 insignite
1378 972 1494 1027 legi-

109 1039 191 1081 bus
214 1046 482 1097 temperala‚
513 1039 636 1082 cuius
659 1039 1004 1096 praeclarissima
1025 1053 1162 1094 opera
1190 1041 1410 1097 statusque
1428 1043 1496 1083 01-

107 1108 253 1149 vitatis
276 1108 401 1150 fuisse
421 1107 633 1148 dicuntur
653 1107 1003 1162 praestantissimi
1034 1107 1238 1149 omnium
1272 1122 1496 1164 quorum-

110 1191 301 1234 cumque
322 1174 399 1216 sub
421 1175 542 1217 caelo
567 1174 690 1216 fama
710 1175 764 1216 ad
786 1190 916 1217 aures
944 1175 1107 1216 nostras
1132 1177 1350 1232 pervenit.

220 1313 400 1372 Quibus
421 1312 581 1354 auditis
595 1311 731 1356 Solon
753 1314 953 1356 narravit
974 1316 1017 1355 se
1037 1314 1248 1356 miratum
1266 1316 1348 1355 effe
1368 1314 1492 1356 sum-

104 1397 272 1438 moque
292 1381 431 1423 studio
455 1385 621 1438 rogafi‘e
653 1389 697 1424 et
729 1386 866 1425 oraffe.
895 1382 1141 1424 sacerdotes
1168 1390 1218 1424 ut
1238 1383 1390 1425 omnia
1417 1398 1494 1426 ao-

104 1460 257 1493 curate.
277 1449 353 1490 fibi
384 1450 631 1506 priscorum
674 1452 838 1494 civium
856 1451 982 1503 {facta
1011 1451 1169 1494 ordine
1198 1459 1490 1508 exponerent.

103 1528 199 1561 tum
227 1518 495 1560 sacerdotem
516 1519 780 1575 respondiffe
802 1520 931 1562 Haud
951 1520 1197 1577 gravabor,
1230 1521 1389 1573 Solon,
1418 1520 1492 1561 sed

105 1596 149 1629 et
169 1596 244 1629 tua
263 1596 306 1629 et
328 1587 449 1628 urbis
472 1590 633 1630 vestrae
658 1590 796 1643 gratia
815 1588 1184 1640 dicam‚maxin1e
1204 1596 1355 1629 aulem
1382 1586 1491 1628 deae

103 1657 242 1713 gratia
258 1691 268 1708 ‚
301 1671 414 1710 quae
439 1664 484 1697 et
506 1658 693 1698 vestram
715 1664 757 1696 et
778 1656 892 1697 hanc
914 1658 1064 1698 sortito
1097 1656 1291 1698 obtinuit
1309 1663 1352 1696 et
1373 1655 1491 1696 edu-

103 1726 221 1768 cavit.
251 1733 293 1765 et
311 1725 513 1776 instituit,
545 1725 666 1779 prius
693 1726 878 1766 vestram
906 1725 1026 1767 mille
1054 1725 1201 1772 annis,
1235 1739 1257 1764 e
1279 1724 1424 1765 Terra
1447 1730 1491 1764 et

103 1795 305 1838 Vulcano
330 1794 479 1833 semen
505 1793 631 1833 vestri
657 1794 832 1848 generis
858 1795 1061 1845 sumens,
1092 1800 1134 1834 et
1154 1793 1319 1834 hancce
1345 1791 1491 1847 poste-

103 1862 206 1905 rius.
237 1861 368 1903 huius
392 1868 543 1901 aulem
570 1861 742 1902 nostrae
766 1861 1083 1903 constitutionis
1113 1859 1231 1918 apud
1252 1874 1332 1900 nos
1350 1859 1398 1900 in
1416 1859 1489 1900 sa-

103 1930 188 1972 cris
216 1930 341 1972 libris
372 1929 505 1971 octies
545 1929 669 1970 mille
694 1944 916 1971 annorum
958 1944 1171 1972 numerus
1202 1927 1388 1985 scriptus
1417 1928 1489 1972 est.

102 2001 190 2042 iam
221 1999 389 2041 civium
414 1998 592 2052 illem-m
615 1997 690 2053 qui
711 2013 875 2039 novem
905 1998 1103 2039 millibus
1134 2011 1357 2039 annorum
1383 2003 1488 2037 ante

101 2067 285 2110 fuerunt
307 2082 525 2123 exponam
547 2066 628 2108 tibi
651 2065 842 2108 breviter
853 2066 970 2122 leges
993 2074 1035 2107 et
1047 2080 1235 2123 operum
1257 2079 1371 2120 quae
1391 2063 1489 2104 edi-

103 2136 266 2178 derunt
300 2135 680 2192 pulcherrimum3
726 2142 928 2176 accurate
957 2149 1068 2175 vero
1103 2133 1253 2175 onmia
1282 2132 1487 2188 deinceps

103 2204 207 2245 alias
231 2219 311 2260 per
325 2203 481 2252 otium,
496 2202 608 2258 ipsos
622 2202 757 2243 libros
778 2203 1017 2255 sumentes,
1032 2202 1369 2258 explicabimus.
1391 2201 1485 2242 iam

105 2272 219 2325 leges
240 2271 465 2312 considera
485 2285 584 2312 cum
600 2269 661 2310 eis
677 2284 792 2325 quae
812 2270 883 2312 1110
904 2272 1003 2312 sunt
1025 2285 1312 2324 comparans;
1345 2269 1485 2310 multa.

103 2338 219 2379 enim
252 2340 456 2396 exempla
480 2354 638 2381 eorum
671 2353 786 2393 quae
814 2346 919 2380 lunc
946 2337 1063 2394 apud
1092 2352 1167 2379 vos
1198 2336 1382 2379 fuerunt
1413 2337 1486 2379 hic

100 2422 223 2448 nunc
242 2408 460 2463 reperie33
492 2409 690 2462 primum
713 2407 987 2448 sacerdotum
1019 2420 1157 2461 genus
1187 2421 1213 2448 a
1235 2405 1392 2446 ceteris
1415 2405 1486 2445 se-

100 2481 327 2531 paratum,
359 2474 519 2516 deinde
537 2476 746 2533 opificum
769 2490 906 2532 genus
921 2506 932 2524 ‚
963 2489 1103 2530 quum
1127 2490 1206 2532 per
1223 2475 1265 2514 se
1284 2473 1483 2531 quisque,

101 2556 187 2584 non
213 2558 313 2584 cum
337 2544 422 2585 alio
445 2544 839 2600 pei·mixlus,opus
863 2545 989 2583 suum
1014 2543 1158 2596 faciat,
1180 2558 1318 2600 porro
1340 2543 1485 2598 pasto·

101 2609 198 2653 ru'm
227 2620 269 2654 et
289 2620 554 2655 venatorum
581 2620 622 2654 et
644 2612 964 2669 agricolarum;
990 2619 1122 2668 atque
1144 2611 1278 2655 etiam
1297 2611 1486 2655 bellico-
