1657 2876
567 174 905 218 TIMAEUS.
1344 187 1422 227 271

45 306 149 334 cum
176 289 355 330 inimico
376 288 620 347 oppositum
643 288 749 328 finet
768 286 881 328 bella
904 285 1074 328 inferre
1098 290 1275 346 corpori
1293 297 1424 346 atque

43 359 246 409 morbos,
278 358 348 398 sed
371 357 413 398 id
449 355 689 396 contendet
718 363 767 396 ut
791 355 984 397 amicum
1010 355 1152 397 amico
1175 358 1423 413 oppositum

43 428 272 469 sanitatem
297 424 468 467 efficiat.
504 437 557 464 ex
578 423 845 464 motionibus
869 431 1019 464 autem
1042 426 1209 478 optima
1231 427 1286 466 est
1308 439 1424 479 quae

42 497 135 552 ipsa
154 495 198 535 in
222 495 263 534 so
287 510 312 535 a
331 492 480 547 seipsa
501 493 746 533 concitatur
773 491 1001 542 (maxime
1033 492 1152 533 enim
1190 493 1351 533 mentis
1379 499 1424 533 et

41 561 329 606 universitatis
362 559 551 600 motioni
583 567 768 615 cognata
810 560 918 613 est),
961 575 1074 615 quae
1103 575 1210 602 vero
1242 560 1423 602 aliunde

43 633 310 676 concitatur,
346 628 562 678 deterior-3
590 627 830 670 deterrima
851 636 998 670 autem
1024 643 1138 684 quae
1158 629 1301 669 iacens
1322 644 1423 669 cor-

43 715 128 758 pus
154 706 198 739 et
223 697 446 751 quiescens
473 711 556 751 per
584 697 666 738 alia
687 697 986 752 particulatim
1010 704 1176 738 movet.
1217 696 1423 752 quocirca

40 765 356 827 purgationum
391 772 431 806 et
468 764 860 806 confirmationum
895 766 1092 822 corporis
1126 780 1174 806 ea
1201 779 1315 821 quae
1341 779 1422 821 per

41 834 381 878 exercitationes
405 832 647 890 fitoptima,
664 834 848 874 secunda
872 849 982 876 vcro
1008 849 1057 875 ea
1077 848 1189 889 quae
1211 848 1292 890 per
1313 848 1421 888 pen-

41 905 134 947 files
163 902 417 958 gestationes
450 900 501 942 fit
539 900 585 941 in
620 902 896 954 navigatione
927 911 970 944 et
1001 916 1308 958 quaecumque
1335 901 1423 942 alia

41 980 225 1014 vectura
248 971 304 1011 est
325 968 444 1010 haud
468 969 698 1011 laboriosa.
722 986 770 1012 ac
785 970 909 1012 tertia
931 971 1137 1012 motionis
1160 969 1320 1024 species
1342 968 1422 1010 ad-

40 1040 226 1083 modum
259 1038 524 1092 quandoque
559 1039 597 1078 ei
628 1039 705 1093 qui
734 1047 909 1080 coactus
940 1041 996 1080 est
1020 1039 1161 1089 utilis,
1193 1038 1278 1080 alio
1311 1052 1421 1079 vero

40 1109 167 1152 nullo
195 1107 328 1148 modo
348 1106 560 1163 prudenti
584 1106 880 1160 admittenda,
912 1108 1077 1148 sanatio
1108 1122 1219 1163 quae
1249 1104 1423 1146 medica

39 1175 305 1236 purgatione
334 1175 575 1230 peragitur.
618 1175 761 1217 morbi
791 1176 939 1228 enim,
980 1175 1055 1216 nisi
1081 1190 1243 1230 magna
1271 1174 1423 1215 inten-

41 1249 155 1290 dunt
184 1242 405 1300 pericula,
438 1257 530 1282 non
559 1241 760 1283 irritandi
790 1245 889 1285 sunt
924 1244 1280 1291 medicamentis3
1315 1256 1422 1284 nam

41 1311 226 1371 quaevis
243 1309 505 1352 morborum
528 1311 778 1352 constitutio
801 1313 1092 1353 animantium
1108 1320 1295 1353 naturae
1315 1325 1422 1364 quo-

42 1377 438 1425 dammodofimiiis
456 1379 526 1418 est.
550 1378 711 1420 etenim
730 1379 891 1421 horum
914 1381 1169 1421 coniunctio
1191 1379 1423 1420 constituta

40 1451 179 1495 habet
201 1447 321 1488 vitae
342 1454 558 1503 tempora,
587 1454 677 1488 tam
702 1462 841 1503 genus
863 1448 1138 1498 universum,
1161 1461 1296 1502 quam
1321 1445 1424 1486 ani-

40 1520 132 1563 mal
160 1514 370 1572 quodque
400 1528 484 1570 per
512 1513 554 1554 se
576 1516 691 1568 quod
727 1517 904 1557 fatalem
936 1516 1258 1557 habens'vitam
1283 1514 1425 1555 nasci-

40 1598 139 1637 tur,
173 1599 313 1642 quum
333 1582 388 1625 ab
409 1581 713 1625 affectionibus
737 1584 979 1625 neceffariis
1000 1583 1250 1625 discefferis.
1280 1582 1424 1624 trian-

41 1657 144 1715 gula
169 1654 285 1696 enim
311 1650 450 1692 statim
475 1651 528 1692 ab
556 1650 682 1692 initio
705 1652 917 1707 cuiusque
943 1651 1035 1692 vim
1064 1650 1271 1692 habentia
1295 1664 1424 1691 com-

40 1726 181 1785 posita
208 1723 312 1762 sunt
341 1719 402 1760 ita
433 1728 481 1760 ut
513 1719 565 1761 ad
604 1727 777 1778 tempus
807 1719 983 1775 aliquod
1019 1718 1216 1760 sufficere
1249 1719 1422 1775 possint,

41 1792 160 1850 quod
194 1791 310 1831 ultra
331 1803 581 1843 numquam
610 1790 774 1845 poterit
806 1788 959 1844 aliquis
989 1787 1123 1829 vitam
1148 1787 1294 1829 adhuc
1309 1802 1423 1843 pro-

40 1862 170 1904 ferre.
214 1857 368 1899 eadem
401 1855 534 1912 igitur
562 1855 674 1897 ratio
703 1859 758 1898 est
791 1857 1052 1898 morborum
1087 1854 1421 1906 constitutionis,

42 1944 176 1986 quam
211 1928 238 1968 fi
266 1924 363 1981 quis
394 1931 574 1981 praeter
603 1925 892 1966 necessitatem
928 1925 1138 1982 temporis
1173 1925 1425 1981 corrumpit

41 1993 404 2044 medicamenti-2,
436 1993 562 2034 fimul
599 2009 623 2034 e.
652 1994 801 2049 parvis
832 1995 982 2050 magni
1013 2003 1055 2036 et
1080 1995 1250 2036 multie
1272 1993 1423 2051 paucis

41 2065 187 2110 morbi
205 2064 342 2105 solent
360 2060 472 2102 fieri.
487 2061 692 2116 quocirca
712 2063 804 2117 regi
825 2077 978 2104 omnes
1001 2062 1082 2104 hos
1106 2071 1281 2120 oportet
1292 2077 1426 2119 prae-

42 2134 204 2190 scripta
218 2131 360 2172 victus
385 2128 574 2177 ratione,
604 2137 817 2185 quantum
836 2131 930 2185 quis
950 2130 1010 2171 oti
1032 2131 1309 2183 habeat,non
1331 2144 1424 2171 me-

44 2198 303 2245 dicamentis
326 2197 534 2239 adhibitis
554 2199 722 2239 malum
747 2197 923 2240 difficile
946 2201 1003 2240 est
1022 2199 1308 2241 irritandum.
1359 2199 1423 2241 Ao

44 2272 100 2314 de
119 2266 348 2311 communi
371 2267 552 2322 quidem
585 2266 814 2308 animante
842 2267 1026 2325 eiusque
1049 2278 1175 2325 parte
1196 2282 1423 2325 corporea,

11 2338 16 2343 ’
43 2335 270 2396 quomodo
292 2334 390 2388 quis
410 2335 664 2390 gubernans
685 2343 725 2376 et
740 2335 1009 2391 gubernatus
1033 2354 1057 2379 a
1079 2340 1120 2379 se
1145 2337 1236 2394 ipse
1257 2335 1425 2378 rationi

44 2401 449 2450 convenientissime
475 2404 620 2450 vivat,
659 2405 771 2446 haec
805 2405 919 2448 dicta
947 2409 1092 2447 sunto.
1130 2407 1274 2463 ipsum
1310 2418 1422 2445 vero

44 2474 165 2531 quod
184 2478 413 2514 recturum
440 2473 496 2512 est
518 2473 656 2529 magis
687 2474 772 2514 fine
793 2475 929 2516 dubio
948 2481 990 2515 et
1009 2475 1128 2531 prius
1151 2488 1426 2532 praeparan-

45 2544 154 2586 dum
180 2556 261 2598 pro
288 2538 475 2593 viribus,
508 2550 560 2581 ut
593 2556 725 2596 quam
747 2544 1101 2599 pulcherrimum
1130 2551 1173 2585 et
1202 2542 1423 2599 optimum

45 2613 99 2655 ad
127 2611 367 2654 rectionem
390 2608 449 2649 fit.
489 2617 696 2651 accurate
720 2625 823 2653 vero
847 2612 899 2654 de
920 2612 987 2654 his
1019 2627 1246 2671 exponere
1276 2608 1421 2666 operis
