1657 2876
575 139 871 185 POLiTIA
917 144 979 188 X.·
1413 166 1466 209 97

86 259 414 320 prehendentes
435 255 684 317 duxerunt,
714 254 963 300 Aridaeum
989 269 1094 300 vero
1121 261 1318 320 aliosque
1336 265 1470 308 coui-

85 332 195 386 gatis
215 336 259 370 et
276 324 479 369 manibus
502 330 544 365 et
561 321 744 378 pedibus
766 331 810 364 et
825 323 967 379 capite
983 327 1220 382 prostratos
1243 340 1287 374 et
1309 348 1469 376 excar-

84 397 283 442 nificatus
307 397 542 435 traxerunt
558 391 684 433 iuxta
705 392 822 433 viam
846 389 968 434 foras
988 394 1122 450 super
1140 397 1275 451 spinis
1292 401 1469 445 lanian-

84 473 165 519 tes,
186 473 229 507 et
248 462 406 517 cuique
428 460 731 517 praetereunti
752 459 1044 516 significantes
1064 476 1199 517 quam
1214 465 1268 505 ob
1292 470 1467 513 causam

82 535 146 577 illi
168 534 275 576 haec
294 537 572 587 paterentur,
597 543 760 584 eosque
778 528 939 570 abduci
960 537 1010 571 ut
1027 528 1076 571 in
1088 531 1330 575 Tartarum
1355 551 1467 579 con-

82 602 347 645 ficerentur,
371 596 470 648 ubi,
492 611 635 652 quum
656 597 816 649 multi,
851 596 1018 654 inquit,
1049 599 1253 656 variique
1272 608 1467 648 terrores

85 670 144 712 eis
166 667 480 715 inficerentur,
513 665 632 706 hunc
651 672 800 706 tamen
813 672 1031 708 terrorem
1052 681 1103 708 ac
1129 676 1300 711 metum
1329 673 1466 729 supe-

82 752 184 781 rare
215 750 368 778 omnes
385 767 396 784 ‚
427 749 482 776 ne
505 732 710 775 fremitus
736 733 970 787 ederetur,
1002 735 1181 790 quando
1207 737 1462 783 adscensuri

83 806 241 857 effe—ut,
274 813 318 846 et
339 802 617 845 libentisfime
647 815 873 858 quemque
898 803 974 844 illo
997 803 1149 845 filente
1181 805 1464 852 adscendere.

82 889 134 916 ac
152 888 314 931 poenas
335 872 515 926 quidem
536 879 578 911 et
604 870 812 926 supplicia
834 870 942 912 haec
967 869 1064 912 sere
1094 875 1202 927 esse,
1233 883 1368 931 atque
1396 885 1469 919 et-

81 943 171 984 iam
197 940 405 982 beneficia
427 939 493 980 his
511 938 837 994 respondentia.
868 952 1006 993 quum
1027 948 1179 983 autem
1209 942 1393 999 quisque
1420 944 1469 987 iu

83 1025 240 1066 campo
263 1010 425 1063 septem
454 1007 546 1049 dies
566 1007 841 1059 traduxisset,
874 1007 1148 1064 surgentibus
1176 1009 1281 1053 hinc
1307 1020 1467 1055 octavo

82 1080 151 1121 die
169 1077 457 1134 proficiscend
467 1090 538 1116 um
563 1074 717 1127 fuisse,
751 1086 791 1117 et
809 1076 974 1116 veniffe
992 1076 1230 1131 quatriduo
1248 1079 1296 1121 in
1317 1082 1469 1133 lpcum

80 1145 202 1188 unde
220 1144 515 1201 spectaverint
538 1143 727 1199 desuper
748 1158 827 1200 per
855 1151 1000 1185 totum
1030 1146 1203 1202 caelum
1230 1156 1273 1190 et
1298 1156 1466 1193 terram

83 1214 312 1256 extensum
342 1212 496 1253 lumen
535 1211 750 1262 directum
793 1211 927 1253 instar
973 1213 1231 1266 columnae,
1270 1217 1469 1260 maxime

79 1282 210 1326 Iridis
233 1281 389 1331 simile,
421 1279 689 1334 splendidius
721 1295 830 1322 vero
859 1296 909 1322 ac
927 1281 1111 1337 purius,
1143 1282 1196 1324 ad
1233 1285 1351 1339 quod
1386 1301 1469 1327 ve-

82 1352 188 1394 nisse
212 1364 351 1405 quum
373 1348 493 1390 viam
525 1346 804 1390 confeciffent
830 1348 961 1390 unius
993 1349 1103 1401 diei,
1135 1349 1289 1407 ibique
1320 1354 1469 1397 vidiffe

81 1419 227 1463 medio
249 1420 295 1461 in
326 1417 498 1459 lumine
518 1417 818 1459 extremitates
849 1416 956 1459 caeli
978 1418 1267 1462 vinculorum
1299 1437 1356 1464 ex
1392 1423 1468 1465 illo

80 1488 340 1544 suspensas;
390 1488 471 1527 effe
503 1484 620 1526 enim
661 1485 747 1526 hoc
785 1487 941 1528 lumen
981 1487 1309 1544 colligationem
1359 1491 1470 1533 caeli

82 1571 219 1612 quae,
253 1554 374 1596 ficuti
396 1554 569 1609 cingula
589 1553 839 1595 triremium
855 1586 866 1605 ‚
897 1555 956 1597 ita
983 1556 1245 1598 universum
1270 1560 1467 1602 contine-

81 1632 150 1666 ret
187 1623 436 1665 circuitum.
481 1636 535 1661 ex
567 1621 652 1661 illis
684 1635 789 1661 vero
819 1624 1174 1666 extremitatibus
1204 1626 1466 1682 suspensum

82 1696 166 1736 esse
185 1691 450 1734 Recesfitatis
481 1689 653 1742 susum,
685 1703 767 1745 per
795 1703 929 1744 quem
960 1707 1113 1734 omnes
1149 1702 1468 1738 converteren-

81 1770 155 1802 tur
174 1760 409 1804 circuitus:
446 1758 625 1813 eiusque
648 1759 827 1814 scapum
850 1766 892 1799 et
915 1759 1098 1801 hamum
1137 1764 1220 1803 esse
1249 1763 1465 1806 adaman-

81 1829 246 1880 tinum,
257 1827 531 1869 verticilluin
560 1839 667 1866 vero
693 1827 978 1881 compositum
1001 1843 1055 1869 ex
1074 1828 1159 1869 hoc
1182 1829 1365 1886 aliisque
1387 1845 1468 1887 ge-

80 1898 276 1940 neribus.
306 1894 510 1937 verticilli
541 1901 688 1935 autem
714 1902 921 1935 naturam
944 1898 1026 1937 effe
1047 1895 1163 1937 hanc
1194 1905 1245 1938 ut
1274 1898 1466 1956 speciem

81 1967 261 2023 quidem
287 1965 421 2006 talem
449 1963 631 2005 haberet
654 1963 827 2017 qualem
852 1962 924 2005 hic
943 1963 1063 2020 apud
1084 1979 1188 2018 nos,
1220 1980 1279 2008 ex
1306 1967 1359 2009 iis
1385 1984 1466 2011 au-

82 2044 169 2077 tem
192 2049 305 2091 quae
327 2032 479 2076 retulit
500 2031 757 2085 cogitandus
789 2032 845 2072 est
865 2031 1054 2088 perinde
1080 2033 1123 2073 se
1145 2032 1334 2087 habere,
1365 2051 1415 2077 ac
1435 2037 1466 2078 fi

80 2103 160 2145 uni
185 2118 348 2159 magno
383 2100 602 2141 vei-ticillo
637 2099 764 2155 eique.
789 2115 898 2140 cavo
938 2108 981 2140 et
1020 2102 1244 2158 exsculpto
1287 2103 1465 2158 penitus

81 2171 191 2213 alius
211 2169 469 2213 huiusmodi
488 2169 637 2211 minor
657 2169 850 2209 insertus
878 2169 927 2209 fit
946 2180 1215 2225 congrue118‚
1247 2172 1465 2226 quemad-

83 2238 269 2280 modum
300 2238 395 2280 cadi
416 2238 532 2279 inter
557 2238 600 2277 se
628 2238 917 2292 quadrante53
949 2248 991 2278 et
1017 2237 1080 2279 ita
1104 2238 1258 2279 tertius
1287 2238 1398 2282 alius
1421 2247 1465 2282 et

83 2313 266 2362 quartus
287 2305 450 2360 aliique
479 2312 713 2360 quattuor;
745 2313 845 2346 octo
869 2307 986 2347 enim
1012 2309 1092 2348 esse
1121 2306 1343 2349 universos
1365 2323 1463 2350 ver-

82 2374 240 2416 ticillos
255 2406 265 2424 ‚
296 2373 411 2415 inter
430 2375 473 2414 se
491 2373 673 2415 insertos
693 2405 702 2421 ‚
735 2374 862 2415 orbes
881 2376 1072 2430 superne
1092 2374 1207 2416 labia
1227 2376 1463 2418 ostenden-

83 2441 350 2494 tes,dorfum
373 2442 633 2484 continuum
653 2442 784 2483 unius
806 2442 1009 2484 verticilli
1032 2440 1274 2485 efficientes
1292 2444 1459 2486 circum

81 2513 284 2569 scapum,
316 2509 438 2552 hunc
460 2517 608 2552 autem
628 2525 708 2568 per
728 2519 874 2554 totum
902 2509 1100 2553 medium
1126 2519 1332 2557 octavum
1355 2528 1460 2571 pcr-

140 2720 252 2761 Tom.
288 2719 340 2761 V.
1143 2718 1180 2760 G
