1657 2876
543 130 830 183 P0L1T1A
879 140 934 183 x.
1372 138 1425 195 57

47 245 488 315 appellabis‘ratione
525 252 654 294 lecti?
699 251 811 294 Mihi
835 252 1031 308 quidem,
1062 249 1221 311 inquit,
1251 240 1430 296 {ridetur

45 326 278 370 rectissime
298 320 511 379 appellari
531 320 732 363 imitator
755 322 850 362 eius
880 321 1005 362 cuius
1027 322 1091 363 illi
1111 322 1304 380 opifices.
1347 323 1431 364 Ita-

46 409 125 446 ne,
155 393 362 447 inquam,
390 389 510 430 tertii
533 397 723 431 naturae
753 389 901 445 operis
919 389 1190 432 imitatorem
1222 405 1325 432 eum
1346 404 1433 431 vo-

46 461 149 504 cas?
179 459 294 503 Sane
313 457 519 512 quidem,
549 457 710 512 inquit.
769 456 893 499 Talis
914 458 1050 512 igitur
1072 461 1158 499 erit
1185 460 1319 502 etiam
1346 467 1432 501 tra·

45 529 192 586 gicus,
223 527 435 583 liquidem
454 527 652 569 imitator
670 527 749 575 cst,
770 526 922 568 tertius
945 526 1101 581 aliquis
1121 541 1148 567 a
1167 540 1273 581 rege
1291 530 1334 568 et
1351 541 1436 569 ve-

45 597 201 643 ritate,
233 611 478 650 omnesque
497 594 660 651 reliqui
681 593 939 637 imitatores.
989 593 1194 638 Videtur.
1239 595 1306 636 De
1327 595 1437 637 imi-

46 672 188 706 tatore
207 664 345 721 igitur
365 664 484 705 inter
502 678 581 705 nos
614 662 936 712 convenin1us;
970 663 1040 704 dic
1058 671 1210 705 autem
1237 662 1348 704 mihi
1382 663 1437 703 de

43 732 215 790 pictore
234 733 343 774 hoc:
376 739 533 772 utrum
557 730 601 772 id
623 731 767 786 ipsum
795 730 912 787 quod
935 731 983 773 in
1006 739 1167 773 natura
1200 733 1336 773 exstat
1359 724 1438 772 tibi

47 801 230 843 videtur
254 802 307 843 ad
332 799 598 842 imitandum
619 800 809 847 sumere,
826 815 882 841 an
905 798 1115 857 opificum
1133 801 1305 856 opera?
1328 799 1437 856 Opi·

47 868 185 911 ficum
210 884 360 926 opera,
383 868 544 924 inquit.
583 869 700 911 Num
726 870 870 925 qualia
895 870 987 921 fint,
1009 883 1066 910 an
1088 868 1236 924 qualia
1257 867 1441 909 videan-

50 937 160 980 tur?
195 937 279 980 hoc
311 937 431 979 enim
462 944 695 993 praeterea
715 937 865 978 defini.
929 936 1172 994 Quomodo
1195 935 1334 978 dicis?
1364 936 1441 977 in-

51 1005 161 1060 quit.
201 1006 287 1048 Ita:
318 1008 471 1059 tectus,
502 1006 584 1047 sive
608 1004 781 1060 oblique
801 1021 903 1047 eum
924 1007 1089 1062 spectas
1109 1007 1194 1047 five
1217 1020 1242 1047 e
1261 1004 1442 1061 regione

50 1075 136 1115 five
156 1088 440 1129 quacumque
471 1074 666 1122 ratione,
696 1075 915 1129 numquid
952 1089 977 1116 a
1000 1076 1137 1115 semet
1167 1072 1259 1131 ipso
1282 1071 1438 1113 ‹liver—

51 1142 122 1182 sus
143 1142 224 1193 est,
256 1157 313 1182 an
347 1142 454 1182 nihil
484 1140 662 1192 differt,
693 1140 878 1182 videtur
907 1149 1057 1182 autem
1092 1140 1237 1182 alius?
1268 1148 1312 1182 et
1331 1139 1444 1182 reli·-

51 1224 142 1265 qua
167 1210 392 1251 similiter?
424 1211 509 1261 Ita,
541 1209 706 1264 inquit:
738 1209 937 1256 videtur,
974 1208 1123 1250 differt
1143 1216 1291 1249 autem
1314 1207 1441 1249 nihil.

52 1277 148 1321 Hoc
177 1276 316 1333 igitur
344 1277 768 1333 ipsum-considera:
813 1284 967 1319 utrum
998 1291 1068 1317 ars
1101 1274 1313 1333 pingendi
1342 1276 1446 1332 spe-

54 1353 143 1387 ctat
163 1346 211 1386 in
229 1361 406 1403 quaque
424 1347 506 1390 re?
537 1345 648 1400 huc,
683 1353 845 1388 utrem
867 1347 970 1386 ficut
993 1345 1080 1384 sese
1112 1344 1276 1386 hab-eae
1295 1343 1446 1385 imite-

54 1423 155 1463 tur,
196 1430 253 1456 an
281 1417 388 1456 ficut
414 1415 647 1463 videatur,
692 1413 882 1470 ideoque
922 1412 1023 1463 visi,
1061 1427 1117 1454 an
1148 1411 1345 1453 veritatis
1379 1411 1440 1452 est

54 1482 276 1528 imitatio?
315 1483 426 1535 Viti,
455 1483 616 1539 inquit.
677 1483 830 1539 Longe
862 1481 1000 1537 igitur
1028 1496 1053 1522 a
1093 1495 1200 1522 vero
1229 1479 1344 1521 abest
1375 1492 1448 1520 ars

55 1552 285 1602 imitandi,
306 1560 347 1593 et
363 1585 373 1604 ,
405 1558 455 1592 ut
472 1551 675 1604 videtur,
706 1552 792 1593 hoc
813 1551 961 1593 omnia
981 1549 1186 1601 conficit,
1203 1547 1323 1603 quod
1347 1546 1450 1588 exi-

58 1635 196 1676 quam
225 1620 439 1675 cuiusque
472 1621 537 1661 rei
571 1627 742 1676 partem
778 1618 958 1675 attingit
985 1618 1119 1674 idque
1148 1617 1450 1658 fimulacrum.

57 1690 187 1731 velut
218 1689 387 1744 pictor,
418 1687 633 1739 dicimus,
675 1689 828 1744 pinget
861 1686 986 1728 nobis
1018 1689 1235 1736 sutorem,
1265 1684 1450 1725 fabrum

58 1756 344 1812 reliquosque
375 1755 581 1812 opifices,
616 1757 786 1798 nullam
816 1756 978 1798 harum
1005 1754 1173 1796 artium
1196 1752 1453 1806 intelligen-

62 1824 173 1865 tiam
201 1823 392 1871 habens;
434 1831 629 1865 attamen
660 1838 820 1878 pueros
847 1824 1114 1878 stolidosque
1150 1820 1381 1869 homines,
1423 1819 1452 1860 fi

60 1892 206 1934 bonus
238 1891 376 1933 fuerit
406 1890 550 1947 pictor
591 1891 853 1948 pictumque
884 1890 1064 1932 fabrum
1103 1890 1276 1931 eminus
1306 1889 1452 1929 osten-

64 1961 201 2010 derit,
235 1959 427 2016 decipiet
447 1967 494 2001 ut
517 1959 724 2001 videatur
743 1959 802 1998 eis
822 1973 984 2000 revera
1005 1958 1132 2000 faber
1153 1957 1247 1999 effe.
1299 1955 1455 2012 Quid·-

64 2029 143 2073 1112
178 2029 235 2068 At
255 2028 399 2074 enim,
434 2027 621 2084 opinor,
644 2026 809 2079 amice,
835 2026 892 2068 ita
917 2035 1095 2085 oportet,
1121 2041 1199 2068 nos
1228 2025 1284 2066 de
1306 2024 1457 2066 omni-

66 2096 147 2146 hus
175 2097 242 2138 his
265 2096 428 2137 sentire
447 2103 518 2146 ut,
550 2097 577 2136 si
600 2096 698 2151 quis
731 2095 856 2138 nobis
886 2096 1191 2141 nunciaverit,
1222 2093 1456 2135 hominem

67 2167 111 2208 se
145 2163 372 2208 offendisse
404 2165 610 2206 omnium
648 2163 847 2221 peritum
892 2165 1058 2206 artium
1095 2172 1138 2205 et
1177 2162 1457 2219 reliquarum

72 2242 336 2276 cunctarum
362 2248 532 2286 rerum,
554 2248 666 2288 quas
691 2232 844 2288 singuli
868 2232 1020 2283 sciant,
1051 2229 1297 2274 accuratius
1321 2243 1459 2288 quam

70 2300 269 2358 quemvis
304 2302 440 2344 alium
474 2299 1116 2358 inteiligentein‚'reponamus
1142 2299 1246 2341 huic
1282 2297 1459 2339 fatuum

71 2384 174 2411 eum
203 2368 433 2411 hominem
460 2374 568 2422 effe,
600 2378 667 2422 et,
699 2377 748 2411 ut
776 2377 948 2427 pateat,
980 2366 1352 2425 praestigiatorem
1377 2367 1462 2408 ali-

72 2452 208 2494 quem
231 2451 371 2492 quum
394 2438 619 2480 invenerit
639 2446 772 2494 atque
791 2438 1064 2480 imitatorem
1079 2471 1090 2486 ‚
1118 2436 1355 2492 deceptum
1378 2439 1462 2477 esso

73 2506 181 2548 adeo
209 2514 259 2547 ut
295 2506 408 2547 visus
433 2507 470 2548 ei
490 2509 536 2548 sit
556 2507 625 2548 itte
648 2506 839 2547 mirifica
872 2504 1085 2560 sapientia
1104 2504 1334 2564 praeditus
1367 2506 1462 2553 effe,

23 2570 38 2585 ³
72 2583 313 2632 propterea
343 2575 461 2630 quod
478 2575 573 2631 ipse
592 2590 681 2617 non
699 2576 828 2632 postit
854 2573 1078 2616 scientiam
1116 2582 1159 2615 et
1187 2572 1461 2616 inscientiam

79 2653 122 2684 et.
140 2643 436 2686 imitationem
459 2644 709 2700 explorare.
775 2644 1026 2696 vex-imme,
1056 2642 1213 2699 inquit.
