<?xml version="1.0" encoding="UTF-8"?>
<!DOCTYPE html PUBLIC "-//W3C//DTD XHTML 1.0 Transitional//EN"
    "http://www.w3.org/TR/xhtml1/DTD/xhtml1-transitional.dtd">
<html xmlns="http://www.w3.org/1999/xhtml" xml:lang="en" lang="en">
 <head>
  <title>
</title>
<meta http-equiv="Content-Type" content="text/html;charset=utf-8" />
  <meta name='ocr-system' content='tesseract 3.04.00' />
  <meta name='ocr-capabilities' content='ocr_page ocr_carea ocr_par ocr_line ocrx_word'/>
</head>
<body>
  <div class='ocr_page' id='page_1' title='image "./quaeexstantopera05plat_0309.png"; bbox 0 0 1657 2876; ppageno 0'>
   <div class='ocr_carea' id='block_1_1' title="bbox 673 183 1503 242">
    <p class='ocr_par' dir='ltr' id='par_1_1' title="bbox 673 183 1503 242">
     <span class='ocr_line' id='line_1_1' title="bbox 673 183 1503 242; baseline 0.002 -16"><span class='ocrx_word' id='word_1_1' title='bbox 673 183 972 228; x_wconf 86' lang='lat' dir='ltr'><strong>CRITIAS.</strong></span> <span class='ocrx_word' id='word_1_2' title='bbox 1425 199 1503 242; x_wconf 79' lang='lat'><strong>297</strong></span> 
     </span>
    </p>
   </div>
   <div class='ocr_carea' id='block_1_2' title="bbox 122 293 1508 887">
    <p class='ocr_par' dir='ltr' id='par_1_2' title="bbox 122 293 1508 887">
     <span class='ocr_line' id='line_1_2' title="bbox 238 293 1505 355; baseline 0 -13"><span class='ocrx_word' id='word_1_3' title='bbox 238 298 298 342; x_wconf 89' lang='lat' dir='ltr'><strong>Hi</strong></span> <span class='ocrx_word' id='word_1_4' title='bbox 314 297 446 355; x_wconf 81' lang='lat' dir='ltr'><strong>igitur</strong></span> <span class='ocrx_word' id='word_1_5' title='bbox 465 295 567 353; x_wconf 83' lang='lat' dir='ltr'><strong>quia</strong></span> <span class='ocrx_word' id='word_1_6' title='bbox 596 295 703 337; x_wconf 66' lang='lat' dir='ltr'><strong>tates</strong></span> <span class='ocrx_word' id='word_1_7' title='bbox 735 294 921 337; x_wconf 78' lang='lat' dir='ltr'><strong>fuerunt</strong></span> <span class='ocrx_word' id='word_1_8' title='bbox 949 296 1027 352; x_wconf 71' lang='lat' dir='ltr'><strong>ipsi</strong></span> <span class='ocrx_word' id='word_1_9' title='bbox 1054 304 1095 338; x_wconf 85' lang='lat' dir='ltr'><strong>et</strong></span> <span class='ocrx_word' id='word_1_10' title='bbox 1113 293 1195 340; x_wconf 83' lang='lat' dir='ltr'><strong>hac</strong></span> <span class='ocrx_word' id='word_1_11' title='bbox 1216 297 1314 340; x_wconf 81' lang='lat' dir='ltr'><strong>fere</strong></span> <span class='ocrx_word' id='word_1_12' title='bbox 1336 299 1505 343; x_wconf 85' lang='lat' dir='ltr'><strong>ratione</strong></span> 
     </span>
     <span class='ocr_line' id='line_1_3' title="bbox 127 364 1503 419; baseline 0.001 -9"><span class='ocrx_word' id='word_1_13' title='bbox 127 375 173 410; x_wconf 83' lang='lat' dir='ltr'><strong>et</strong></span> <span class='ocrx_word' id='word_1_14' title='bbox 190 368 314 409; x_wconf 85' lang='lat' dir='ltr'><strong>suam</strong></span> <span class='ocrx_word' id='word_1_15' title='bbox 347 366 572 409; x_wconf 86' lang='lat' dir='ltr'><strong>civitatem</strong></span> <span class='ocrx_word' id='word_1_16' title='bbox 595 373 637 405; x_wconf 86' lang='lat' dir='ltr'><strong>et.</strong></span> <span class='ocrx_word' id='word_1_17' title='bbox 661 364 894 406; x_wconf 78' lang='lat' dir='ltr'><strong>Graeciam</strong></span> <span class='ocrx_word' id='word_1_18' title='bbox 918 365 1024 406; x_wconf 81' lang='lat' dir='ltr'><strong>iuste</strong></span> <span class='ocrx_word' id='word_1_19' title='bbox 1044 366 1426 419; x_wconf 85' lang='lat' dir='ltr'><strong>administrarunt,</strong></span> <span class='ocrx_word' id='word_1_20' title='bbox 1450 386 1503 412; x_wconf 88' lang='lat' dir='ltr'><strong>eo</strong></span> 
     </span>
     <span class='ocr_line' id='line_1_4' title="bbox 126 433 1506 494; baseline 0.002 -17"><span class='ocrx_word' id='word_1_21' title='bbox 126 451 207 493; x_wconf 85' lang='lat' dir='ltr'><strong>per</strong></span> <span class='ocrx_word' id='word_1_22' title='bbox 225 435 477 478; x_wconf 73' lang='lat' dir='ltr'><strong>universam</strong></span> <span class='ocrx_word' id='word_1_23' title='bbox 499 433 726 489; x_wconf 82' lang='lat' dir='ltr'>Europam</span> <span class='ocrx_word' id='word_1_24' title='bbox 759 441 801 473; x_wconf 83' lang='lat' dir='ltr'><strong>et</strong></span> <span class='ocrx_word' id='word_1_25' title='bbox 822 433 967 475; x_wconf 85' lang='lat' dir='ltr'><strong>Afiam</strong></span> <span class='ocrx_word' id='word_1_26' title='bbox 987 443 1170 490; x_wconf 82' lang='lat' dir='ltr'><strong>propter</strong></span> <span class='ocrx_word' id='word_1_27' title='bbox 1190 437 1386 491; x_wconf 81' lang='lat' dir='ltr'><strong>corporis</strong></span> <span class='ocrx_word' id='word_1_28' title='bbox 1408 438 1506 494; x_wconf 88' lang='lat' dir='ltr'><strong>pul-</strong></span> 
     </span>
     <span class='ocr_line' id='line_1_5' title="bbox 127 499 1507 561; baseline 0.001 -16"><span class='ocrx_word' id='word_1_29' title='bbox 127 504 429 546; x_wconf 81' lang='lat' dir='ltr'><strong>chritudinem</strong></span> <span class='ocrx_word' id='word_1_30' title='bbox 454 504 704 557; x_wconf 84' lang='lat' dir='ltr'><strong>multasque</strong></span> <span class='ocrx_word' id='word_1_31' title='bbox 731 499 871 561; x_wconf 86' lang='lat' dir='ltr'><strong>animi</strong></span> <span class='ocrx_word' id='word_1_32' title='bbox 896 500 1080 542; x_wconf 74' lang='lat' dir='ltr'><strong>virtutes</strong></span> <span class='ocrx_word' id='word_1_33' title='bbox 1112 502 1291 558; x_wconf 81' lang='lat' dir='ltr'><strong>spectati</strong></span> <span class='ocrx_word' id='word_1_34' title='bbox 1319 502 1507 547; x_wconf 78' lang='lat' dir='ltr'><strong>suerunt</strong></span> 
     </span>
     <span class='ocr_line' id='line_1_6' title="bbox 126 569 1508 629; baseline -0.001 -14"><span class='ocrx_word' id='word_1_35' title='bbox 126 579 258 629; x_wconf 66' lang='lat' dir='ltr'><strong>:itque</strong></span> <span class='ocrx_word' id='word_1_36' title='bbox 273 570 492 614; x_wconf 80' lang='lat' dir='ltr'><strong>clarisfimi</strong></span> <span class='ocrx_word' id='word_1_37' title='bbox 517 571 720 612; x_wconf 83' lang='lat' dir='ltr'><strong>omnium</strong></span> <span class='ocrx_word' id='word_1_38' title='bbox 743 569 817 624; x_wconf 88' lang='lat' dir='ltr'><strong>qui</strong></span> <span class='ocrx_word' id='word_1_39' title='bbox 838 577 937 610; x_wconf 88' lang='lat' dir='ltr'><strong>tum</strong></span> <span class='ocrx_word' id='word_1_40' title='bbox 962 569 1187 612; x_wconf 77' lang='lat' dir='ltr'><strong>vixerunt.</strong></span> <span class='ocrx_word' id='word_1_41' title='bbox 1234 570 1508 614; x_wconf 80' lang='lat' dir='ltr'><strong>adversario·</strong></span> 
     </span>
     <span class='ocr_line' id='line_1_7' title="bbox 124 636 1508 696; baseline 0.001 -15"><span class='ocrx_word' id='word_1_42' title='bbox 124 656 228 682; x_wconf 80' lang='lat' dir='ltr'><strong>rum</strong></span> <span class='ocrx_word' id='word_1_43' title='bbox 255 647 400 681; x_wconf 84' lang='lat' dir='ltr'><strong>autem</strong></span> <span class='ocrx_word' id='word_1_44' title='bbox 424 654 494 681; x_wconf 83' lang='lat' dir='ltr'><strong>res</strong></span> <span class='ocrx_word' id='word_1_45' title='bbox 516 638 740 696; x_wconf 85' lang='lat' dir='ltr'><strong>quomodo</strong></span> <span class='ocrx_word' id='word_1_46' title='bbox 760 639 804 678; x_wconf 90' lang='lat' dir='ltr'><strong>se</strong></span> <span class='ocrx_word' id='word_1_47' title='bbox 824 636 1062 679; x_wconf 80' lang='lat' dir='ltr'><strong>habuerint</strong></span> <span class='ocrx_word' id='word_1_48' title='bbox 1095 647 1137 681; x_wconf 78' lang='lat' dir='ltr'><strong>et</strong></span> <span class='ocrx_word' id='word_1_49' title='bbox 1158 639 1211 680; x_wconf 87' lang='lat' dir='ltr'><strong>ab</strong></span> <span class='ocrx_word' id='word_1_50' title='bbox 1242 639 1367 682; x_wconf 87' lang='lat' dir='ltr'><strong>initio</strong></span> <span class='ocrx_word' id='word_1_51' title='bbox 1395 656 1508 683; x_wconf 91' lang='lat' dir='ltr'><strong>con-</strong></span> 
     </span>
     <span class='ocr_line' id='line_1_8' title="bbox 122 706 1508 762; baseline 0.001 -13"><span class='ocrx_word' id='word_1_52' title='bbox 122 708 296 749; x_wconf 80' lang='lat' dir='ltr'><strong>stitutae</strong></span> <span class='ocrx_word' id='word_1_53' title='bbox 338 706 504 749; x_wconf 81' lang='lat' dir='ltr'><strong>fuerint</strong></span> <span class='ocrx_word' id='word_1_54' title='bbox 522 739 533 759; x_wconf 89' lang='lat'>‚</span> <span class='ocrx_word' id='word_1_55' title='bbox 582 716 801 762; x_wconf 77' lang='lat' dir='ltr'><strong>quantum</strong></span> <span class='ocrx_word' id='word_1_56' title='bbox 838 708 1104 749; x_wconf 86' lang='lat' dir='ltr'>memoriam</span> <span class='ocrx_word' id='word_1_57' title='bbox 1150 708 1508 750; x_wconf 85' lang='lat' dir='ltr'><strong>conservavimus</strong></span> 
     </span>
     <span class='ocr_line' id='line_1_9' title="bbox 124 775 1508 834; baseline -0.003 -16"><span class='ocrx_word' id='word_1_58' title='bbox 124 791 279 818; x_wconf 82' lang='lat' dir='ltr'><strong>eorum</strong></span> <span class='ocrx_word' id='word_1_59' title='bbox 307 791 417 834; x_wconf 84' lang='lat' dir='ltr'><strong>quae</strong></span> <span class='ocrx_word' id='word_1_60' title='bbox 440 775 566 832; x_wconf 85' lang='lat' dir='ltr'><strong>pueri</strong></span> <span class='ocrx_word' id='word_1_61' title='bbox 585 776 862 827; x_wconf 79' lang='lat' dir='ltr'><strong>audivimus,</strong></span> <span class='ocrx_word' id='word_1_62' title='bbox 893 775 940 817; x_wconf 86' lang='lat' dir='ltr'><strong>in</strong></span> <span class='ocrx_word' id='word_1_63' title='bbox 970 775 1167 817; x_wconf 88' lang='lat' dir='ltr'><strong>medium</strong></span> <span class='ocrx_word' id='word_1_64' title='bbox 1201 789 1322 817; x_wconf 85' lang='lat' dir='ltr'><strong>nunc</strong></span> <span class='ocrx_word' id='word_1_65' title='bbox 1350 777 1508 834; x_wconf 45' lang='lat' dir='ltr'><strong>prof&amp;</strong></span> 
     </span>
     <span class='ocr_line' id='line_1_10' title="bbox 124 843 1200 887; baseline -0.003 -1"><span class='ocrx_word' id='word_1_66' title='bbox 124 859 277 887; x_wconf 81' lang='lat' dir='ltr'><strong>remus</strong></span> <span class='ocrx_word' id='word_1_67' title='bbox 307 844 535 886; x_wconf 78' lang='lat' dir='ltr'><strong>vobiscum</strong></span> <span class='ocrx_word' id='word_1_68' title='bbox 556 843 708 886; x_wconf 84' lang='lat' dir='ltr'><strong>amicis</strong></span> <span class='ocrx_word' id='word_1_69' title='bbox 731 858 781 886; x_wconf 84' lang='lat' dir='ltr'><strong>ea</strong></span> <span class='ocrx_word' id='word_1_70' title='bbox 801 843 1200 886; x_wconf 85' lang='lat' dir='ltr'><strong>communicantes.</strong></span> 
     </span>
    </p>
   </div>
   <div class='ocr_carea' id='block_1_3' title="bbox 123 957 1514 1890">
    <p class='ocr_par' dir='ltr' id='par_1_3' title="bbox 123 957 1514 1890">
     <span class='ocr_line' id='line_1_11' title="bbox 239 957 1510 1013; baseline 0.001 -12"><span class='ocrx_word' id='word_1_71' title='bbox 239 959 336 1001; x_wconf 86' lang='lat' dir='ltr'><strong>Hoc</strong></span> <span class='ocrx_word' id='word_1_72' title='bbox 361 957 508 998; x_wconf 81' lang='lat' dir='ltr'><strong>adhuc</strong></span> <span class='ocrx_word' id='word_1_73' title='bbox 530 957 738 1013; x_wconf 78' lang='lat' dir='ltr'><strong>exiguum</strong></span> <span class='ocrx_word' id='word_1_74' title='bbox 765 965 866 999; x_wconf 81' lang='lat' dir='ltr'><strong>ante</strong></span> <span class='ocrx_word' id='word_1_75' title='bbox 886 960 1194 1000; x_wconf 84' lang='lat' dir='ltr'><strong>narrationem</strong></span> <span class='ocrx_word' id='word_1_76' title='bbox 1213 974 1292 1001; x_wconf 90' lang='lat' dir='ltr'><strong>nos</strong></span> <span class='ocrx_word' id='word_1_77' title='bbox 1311 958 1510 1002; x_wconf 86' lang='lat' dir='ltr'><strong>indicare</strong></span> 
     </span>
     <span class='ocr_line' id='line_1_12' title="bbox 126 1027 1512 1082; baseline 0.001 -13"><span class='ocrx_word' id='word_1_78' title='bbox 126 1035 301 1082; x_wconf 77' lang='lat' dir='ltr'><strong>oportet</strong></span> <span class='ocrx_word' id='word_1_79' title='bbox 319 1058 328 1074; x_wconf 90' lang='lat'><em>‚</em></span> <span class='ocrx_word' id='word_1_80' title='bbox 361 1041 417 1068; x_wconf 86' lang='lat' dir='ltr'><strong>ne</strong></span> <span class='ocrx_word' id='word_1_81' title='bbox 438 1028 552 1067; x_wconf 81' lang='lat' dir='ltr'><strong>forte</strong></span> <span class='ocrx_word' id='word_1_82' title='bbox 584 1040 741 1081; x_wconf 85' lang='lat' dir='ltr'><strong>graeca</strong></span> <span class='ocrx_word' id='word_1_83' title='bbox 768 1027 1065 1069; x_wconf 77' lang='lat' dir='ltr'><strong>barbarorum</strong></span> <span class='ocrx_word' id='word_1_84' title='bbox 1090 1027 1295 1069; x_wconf 84' lang='lat' dir='ltr'><strong>virorum</strong></span> <span class='ocrx_word' id='word_1_85' title='bbox 1326 1030 1512 1072; x_wconf 84' lang='lat' dir='ltr'><strong>nomina</strong></span> 
     </span>
     <span class='ocr_line' id='line_1_13' title="bbox 126 1094 1510 1153; baseline 0.003 -16"><span class='ocrx_word' id='word_1_86' title='bbox 126 1096 353 1137; x_wconf 76' lang='lat' dir='ltr'><strong>audientes</strong></span> <span class='ocrx_word' id='word_1_87' title='bbox 385 1094 640 1148; x_wconf 71' lang='lat' dir='ltr'><strong>miremini5</strong></span> <span class='ocrx_word' id='word_1_88' title='bbox 679 1097 854 1138; x_wconf 82' lang='lat' dir='ltr'><strong>causam</strong></span> <span class='ocrx_word' id='word_1_89' title='bbox 886 1096 1006 1137; x_wconf 71' lang='lat' dir='ltr'><strong>enim</strong></span> <span class='ocrx_word' id='word_1_90' title='bbox 1051 1110 1208 1137; x_wconf 83' lang='lat' dir='ltr'><strong>eorum</strong></span> <span class='ocrx_word' id='word_1_91' title='bbox 1245 1097 1510 1153; x_wconf 77' lang='lat' dir='ltr'><strong>percipietis,</strong></span> 
     </span>
     <span class='ocr_line' id='line_1_14' title="bbox 126 1162 1512 1221; baseline 0.002 -15"><span class='ocrx_word' id='word_1_92' title='bbox 126 1162 260 1206; x_wconf 62' lang='lat' dir='ltr'><strong>Solon</strong></span> <span class='ocrx_word' id='word_1_93' title='bbox 285 1163 487 1204; x_wconf 69' lang='lat' dir='ltr'><strong>videlicet</strong></span> <span class='ocrx_word' id='word_1_94' title='bbox 511 1177 652 1217; x_wconf 81' lang='lat' dir='ltr'><strong>quum</strong></span> <span class='ocrx_word' id='word_1_95' title='bbox 684 1164 731 1205; x_wconf 89' lang='lat' dir='ltr'><strong>in</strong></span> <span class='ocrx_word' id='word_1_96' title='bbox 761 1165 913 1206; x_wconf 80' lang='lat' dir='ltr'><strong>animo</strong></span> <span class='ocrx_word' id='word_1_97' title='bbox 933 1163 1115 1206; x_wconf 84' lang='lat' dir='ltr'><strong>haberet</strong></span> <span class='ocrx_word' id='word_1_98' title='bbox 1135 1163 1188 1204; x_wconf 86' lang='lat' dir='ltr'><strong>ad</strong></span> <span class='ocrx_word' id='word_1_99' title='bbox 1212 1165 1361 1221; x_wconf 62' lang='lat' dir='ltr'><strong>poesin</strong></span> <span class='ocrx_word' id='word_1_100' title='bbox 1388 1165 1512 1208; x_wconf 86' lang='lat' dir='ltr'><strong>suam</strong></span> 
     </span>
     <span class='ocr_line' id='line_1_15' title="bbox 125 1231 1514 1282; baseline 0.001 -9"><span class='ocrx_word' id='word_1_101' title='bbox 125 1232 340 1274; x_wconf 81' lang='lat' dir='ltr'><strong>adhibere</strong></span> <span class='ocrx_word' id='word_1_102' title='bbox 366 1231 695 1282; x_wconf 79' lang='lat' dir='ltr'><strong>narrationem,</strong></span> <span class='ocrx_word' id='word_1_103' title='bbox 726 1231 944 1273; x_wconf 82' lang='lat' dir='ltr'><strong>sciscitans</strong></span> <span class='ocrx_word' id='word_1_104' title='bbox 965 1232 1019 1273; x_wconf 86' lang='lat' dir='ltr'><strong>de</strong></span> <span class='ocrx_word' id='word_1_105' title='bbox 1049 1232 1285 1274; x_wconf 82' lang='lat' dir='ltr'><strong>nominum</strong></span> <span class='ocrx_word' id='word_1_106' title='bbox 1315 1232 1358 1273; x_wconf 89' lang='lat' dir='ltr'><strong>vi</strong></span> <span class='ocrx_word' id='word_1_107' title='bbox 1386 1247 1514 1274; x_wconf 88' lang='lat' dir='ltr'><strong>com-</strong></span> 
     </span>
     <span class='ocr_line' id='line_1_16' title="bbox 123 1298 1513 1357; baseline 0.001 -16"><span class='ocrx_word' id='word_1_108' title='bbox 123 1302 245 1357; x_wconf 83' lang='lat' dir='ltr'><strong>perit</strong></span> <span class='ocrx_word' id='word_1_109' title='bbox 271 1300 508 1355; x_wconf 67' lang='lat' dir='ltr'><strong>Aegyptios</strong></span> <span class='ocrx_word' id='word_1_110' title='bbox 538 1299 632 1341; x_wconf 84' lang='lat' dir='ltr'><strong>illos</strong></span> <span class='ocrx_word' id='word_1_111' title='bbox 655 1298 824 1355; x_wconf 86' lang='lat' dir='ltr'><strong>primos</strong></span> <span class='ocrx_word' id='word_1_112' title='bbox 849 1314 901 1340; x_wconf 84' lang='lat' dir='ltr'><strong>ea</strong></span> <span class='ocrx_word' id='word_1_113' title='bbox 922 1302 1180 1356; x_wconf 67' lang='lat' dir='ltr'><strong>consignasse</strong></span> <span class='ocrx_word' id='word_1_114' title='bbox 1204 1301 1247 1341; x_wconf 87' lang='lat' dir='ltr'><strong>in</strong></span> <span class='ocrx_word' id='word_1_115' title='bbox 1274 1300 1399 1342; x_wconf 89' lang='lat' dir='ltr'><strong>suam</strong></span> <span class='ocrx_word' id='word_1_116' title='bbox 1418 1301 1513 1342; x_wconf 85' lang='lat' dir='ltr'><strong>lin-</strong></span> 
     </span>
     <span class='ocr_line' id='line_1_17' title="bbox 125 1366 1509 1425; baseline 0.001 -16"><span class='ocrx_word' id='word_1_117' title='bbox 125 1383 258 1425; x_wconf 83' lang='lat' dir='ltr'><strong>guam</strong></span> <span class='ocrx_word' id='word_1_118' title='bbox 300 1367 536 1417; x_wconf 82' lang='lat' dir='ltr'><strong>translata,</strong></span> <span class='ocrx_word' id='word_1_119' title='bbox 587 1367 678 1424; x_wconf 80' lang='lat' dir='ltr'><strong>ipse</strong></span> <span class='ocrx_word' id='word_1_120' title='bbox 716 1368 870 1408; x_wconf 84' lang='lat' dir='ltr'><strong>rursus</strong></span> <span class='ocrx_word' id='word_1_121' title='bbox 898 1368 1111 1423; x_wconf 88' lang='lat' dir='ltr'><strong>cuiusque</strong></span> <span class='ocrx_word' id='word_1_122' title='bbox 1148 1366 1509 1425; x_wconf 71' lang='lat' dir='ltr'><strong>significationem</strong></span> 
     </span>
     <span class='ocr_line' id='line_1_18' title="bbox 126 1434 1512 1493; baseline 0 -15"><span class='ocrx_word' id='word_1_123' title='bbox 126 1434 320 1478; x_wconf 85' lang='lat' dir='ltr'><strong>nominis</strong></span> <span class='ocrx_word' id='word_1_124' title='bbox 350 1434 520 1490; x_wconf 88' lang='lat' dir='ltr'><strong>accepit</strong></span> <span class='ocrx_word' id='word_1_125' title='bbox 547 1441 590 1474; x_wconf 88' lang='lat' dir='ltr'><strong>et</strong></span> <span class='ocrx_word' id='word_1_126' title='bbox 621 1436 666 1476; x_wconf 88' lang='lat' dir='ltr'><strong>in</strong></span> <span class='ocrx_word' id='word_1_127' title='bbox 698 1435 888 1476; x_wconf 85' lang='lat' dir='ltr'><strong>nostram</strong></span> <span class='ocrx_word' id='word_1_128' title='bbox 915 1435 1156 1491; x_wconf 78' lang='lat' dir='ltr'><strong>traducens</strong></span> <span class='ocrx_word' id='word_1_129' title='bbox 1178 1437 1373 1490; x_wconf 78' lang='lat' dir='ltr'><strong>linguam</strong></span> <span class='ocrx_word' id='word_1_130' title='bbox 1403 1452 1512 1493; x_wconf 88' lang='lat' dir='ltr'><strong>per-</strong></span> 
     </span>
     <span class='ocr_line' id='line_1_19' title="bbox 128 1501 1513 1559; baseline 0.001 -15"><span class='ocrx_word' id='word_1_131' title='bbox 128 1504 308 1559; x_wconf 73' lang='lat' dir='ltr'><strong>scripsit.</strong></span> <span class='ocrx_word' id='word_1_132' title='bbox 341 1510 385 1542; x_wconf 82' lang='lat' dir='ltr'><strong>et</strong></span> <span class='ocrx_word' id='word_1_133' title='bbox 405 1501 512 1542; x_wconf 81' lang='lat' dir='ltr'><strong>hacc</strong></span> <span class='ocrx_word' id='word_1_134' title='bbox 533 1501 711 1557; x_wconf 87' lang='lat' dir='ltr'><strong>quidem</strong></span> <span class='ocrx_word' id='word_1_135' title='bbox 732 1503 895 1559; x_wconf 81' lang='lat' dir='ltr'><strong>scripta</strong></span> <span class='ocrx_word' id='word_1_136' title='bbox 915 1502 1032 1559; x_wconf 89' lang='lat' dir='ltr'><strong>apud</strong></span> <span class='ocrx_word' id='word_1_137' title='bbox 1053 1518 1186 1546; x_wconf 87' lang='lat' dir='ltr'><strong>avum</strong></span> <span class='ocrx_word' id='word_1_138' title='bbox 1207 1519 1358 1546; x_wconf 85' lang='lat' dir='ltr'><strong>meum</strong></span> <span class='ocrx_word' id='word_1_139' title='bbox 1384 1512 1513 1547; x_wconf 86' lang='lat' dir='ltr'><strong>erant</strong></span> 
     </span>
     <span class='ocr_line' id='line_1_20' title="bbox 128 1570 1514 1626; baseline 0.001 -13"><span class='ocrx_word' id='word_1_140' title='bbox 128 1580 167 1613; x_wconf 80' lang='lat' dir='ltr'><strong>et</strong></span> <span class='ocrx_word' id='word_1_141' title='bbox 189 1572 333 1613; x_wconf 81' lang='lat' dir='ltr'><strong>adhuc</strong></span> <span class='ocrx_word' id='word_1_142' title='bbox 353 1572 453 1611; x_wconf 83' lang='lat' dir='ltr'><strong>sunt</strong></span> <span class='ocrx_word' id='word_1_143' title='bbox 474 1570 591 1625; x_wconf 77' lang='lat' dir='ltr'><strong>apud</strong></span> <span class='ocrx_word' id='word_1_144' title='bbox 617 1585 686 1610; x_wconf 88' lang='lat' dir='ltr'><strong>me</strong></span> <span class='ocrx_word' id='word_1_145' title='bbox 708 1585 828 1612; x_wconf 84' lang='lat' dir='ltr'><strong>nunc</strong></span> <span class='ocrx_word' id='word_1_146' title='bbox 851 1578 894 1612; x_wconf 81' lang='lat' dir='ltr'><strong>et</strong></span> <span class='ocrx_word' id='word_1_147' title='bbox 917 1584 1030 1626; x_wconf 85' lang='lat' dir='ltr'><strong>puer</strong></span> <span class='ocrx_word' id='word_1_148' title='bbox 1048 1584 1184 1626; x_wconf 90' lang='lat' dir='ltr'><strong>quum</strong></span> <span class='ocrx_word' id='word_1_149' title='bbox 1215 1574 1345 1613; x_wconf 84' lang='lat' dir='ltr'><strong>essem</strong></span> <span class='ocrx_word' id='word_1_150' title='bbox 1372 1573 1514 1615; x_wconf 81' lang='lat' dir='ltr'><strong>mein</strong></span> 
     </span>
     <span class='ocr_line' id='line_1_21' title="bbox 127 1637 1513 1696; baseline 0.003 -16"><span class='ocrx_word' id='word_1_151' title='bbox 127 1640 210 1681; x_wconf 84' lang='lat' dir='ltr'><strong>illis</strong></span> <span class='ocrx_word' id='word_1_152' title='bbox 241 1641 440 1680; x_wconf 78' lang='lat' dir='ltr'><strong>exercui.</strong></span> <span class='ocrx_word' id='word_1_153' title='bbox 482 1638 635 1693; x_wconf 79' lang='lat' dir='ltr'><strong>quodfi</strong></span> <span class='ocrx_word' id='word_1_154' title='bbox 663 1638 798 1692; x_wconf 85' lang='lat' dir='ltr'><strong>igitur</strong></span> <span class='ocrx_word' id='word_1_155' title='bbox 819 1637 1006 1680; x_wconf 81' lang='lat' dir='ltr'><strong>audietis</strong></span> <span class='ocrx_word' id='word_1_156' title='bbox 1035 1637 1134 1680; x_wconf 79' lang='lat' dir='ltr'><strong>talia</strong></span> <span class='ocrx_word' id='word_1_157' title='bbox 1162 1639 1345 1681; x_wconf 87' lang='lat' dir='ltr'><strong>nomina</strong></span> <span class='ocrx_word' id='word_1_158' title='bbox 1368 1642 1513 1696; x_wconf 84' lang='lat' dir='ltr'><strong>qualia</strong></span> 
     </span>
     <span class='ocr_line' id='line_1_22' title="bbox 127 1705 1514 1762; baseline 0 -12"><span class='ocrx_word' id='word_1_159' title='bbox 127 1708 200 1750; x_wconf 61' lang='lat' dir='ltr'><strong>hio</strong></span> <span class='ocrx_word' id='word_1_160' title='bbox 229 1721 407 1762; x_wconf 81' lang='lat' dir='ltr'><strong>quoque</strong></span> <span class='ocrx_word' id='word_1_161' title='bbox 435 1707 731 1762; x_wconf 75' lang='lat' dir='ltr'><strong>usurpantur,</strong></span> <span class='ocrx_word' id='word_1_162' title='bbox 764 1722 821 1748; x_wconf 89' lang='lat' dir='ltr'><strong>ne</strong></span> <span class='ocrx_word' id='word_1_163' title='bbox 846 1706 889 1748; x_wconf 86' lang='lat' dir='ltr'><strong>id</strong></span> <span class='ocrx_word' id='word_1_164' title='bbox 917 1705 1043 1747; x_wconf 88' lang='lat' dir='ltr'><strong>vobis</strong></span> <span class='ocrx_word' id='word_1_165' title='bbox 1073 1705 1415 1750; x_wconf 82' lang='lat' dir='ltr'><strong>admirationem</strong></span> <span class='ocrx_word' id='word_1_166' title='bbox 1439 1708 1514 1750; x_wconf 87' lang='lat' dir='ltr'><strong>in-</strong></span> 
     </span>
     <span class='ocr_line' id='line_1_23' title="bbox 127 1773 1513 1832; baseline 0.002 -15"><span class='ocrx_word' id='word_1_167' title='bbox 127 1774 276 1826; x_wconf 82' lang='lat' dir='ltr'><strong>iiciat3</strong></span> <span class='ocrx_word' id='word_1_168' title='bbox 310 1776 482 1816; x_wconf 83' lang='lat' dir='ltr'><strong>causam</strong></span> <span class='ocrx_word' id='word_1_169' title='bbox 505 1775 624 1815; x_wconf 84' lang='lat' dir='ltr'><strong>enim</strong></span> <span class='ocrx_word' id='word_1_170' title='bbox 649 1774 741 1816; x_wconf 89' lang='lat' dir='ltr'><strong>eius</strong></span> <span class='ocrx_word' id='word_1_171' title='bbox 764 1775 829 1817; x_wconf 89' lang='lat' dir='ltr'><strong>rei</strong></span> <span class='ocrx_word' id='word_1_172' title='bbox 851 1774 1024 1817; x_wconf 85' lang='lat' dir='ltr'><strong>tenetis.</strong></span> <span class='ocrx_word' id='word_1_173' title='bbox 1056 1773 1217 1832; x_wconf 87' lang='lat' dir='ltr'><strong>longae</strong></span> <span class='ocrx_word' id='word_1_174' title='bbox 1235 1784 1385 1819; x_wconf 77' lang='lat' dir='ltr'><strong>autem</strong></span> <span class='ocrx_word' id='word_1_175' title='bbox 1411 1793 1513 1820; x_wconf 87' lang='lat' dir='ltr'><strong>nar-</strong></span> 
     </span>
     <span class='ocr_line' id='line_1_24' title="bbox 128 1842 916 1890; baseline 0.004 -5"><span class='ocrx_word' id='word_1_176' title='bbox 128 1843 311 1885; x_wconf 83' lang='lat' dir='ltr'><strong>rationis</strong></span> <span class='ocrx_word' id='word_1_177' title='bbox 328 1843 414 1885; x_wconf 87' lang='lat' dir='ltr'><strong>hoc</strong></span> <span class='ocrx_word' id='word_1_178' title='bbox 435 1851 534 1885; x_wconf 88' lang='lat' dir='ltr'><strong>tum</strong></span> <span class='ocrx_word' id='word_1_179' title='bbox 553 1842 644 1885; x_wconf 84' lang='lat' dir='ltr'><strong>fuit</strong></span> <span class='ocrx_word' id='word_1_180' title='bbox 662 1844 916 1890; x_wconf 83' lang='lat' dir='ltr'><strong>exordium.</strong></span> 
     </span>
    </p>
   </div>
   <div class='ocr_carea' id='block_1_4' title="bbox 130 1957 1514 2700">
    <p class='ocr_par' dir='ltr' id='par_1_4' title="bbox 130 1957 1514 2700">
     <span class='ocr_line' id='line_1_25' title="bbox 245 1957 1512 2016; baseline 0.003 -18"><span class='ocrx_word' id='word_1_181' title='bbox 245 1957 640 2014; x_wconf 79' lang='lat' dir='ltr'><strong>Quemadmodum</strong></span> <span class='ocrx_word' id='word_1_182' title='bbox 657 1960 790 2016; x_wconf 84' lang='lat' dir='ltr'><strong>supra</strong></span> <span class='ocrx_word' id='word_1_183' title='bbox 800 1958 1090 2014; x_wconf 79' lang='lat' dir='ltr'><strong>exposuimus</strong></span> <span class='ocrx_word' id='word_1_184' title='bbox 1104 1958 1158 2000; x_wconf 89' lang='lat' dir='ltr'><strong>de</strong></span> <span class='ocrx_word' id='word_1_185' title='bbox 1170 1958 1399 2002; x_wconf 82' lang='lat' dir='ltr'><strong>sortitione</strong></span> <span class='ocrx_word' id='word_1_186' title='bbox 1412 1960 1512 2002; x_wconf 85' lang='lat' dir='ltr'><strong>deo-</strong></span> 
     </span>
     <span class='ocr_line' id='line_1_26' title="bbox 130 2026 1512 2082; baseline 0.002 -14"><span class='ocrx_word' id='word_1_187' title='bbox 130 2040 256 2076; x_wconf 83' lang='lat' dir='ltr'><strong>rum,</strong></span> <span class='ocrx_word' id='word_1_188' title='bbox 289 2033 453 2068; x_wconf 79' lang='lat' dir='ltr'><strong>terram</strong></span> <span class='ocrx_word' id='word_1_189' title='bbox 478 2042 551 2068; x_wconf 85' lang='lat' dir='ltr'><strong>eos</strong></span> <span class='ocrx_word' id='word_1_190' title='bbox 576 2027 828 2068; x_wconf 85' lang='lat' dir='ltr'><strong>universam</strong></span> <span class='ocrx_word' id='word_1_191' title='bbox 849 2026 1115 2070; x_wconf 82' lang='lat' dir='ltr'><strong>distribuisse</strong></span> <span class='ocrx_word' id='word_1_192' title='bbox 1135 2027 1209 2068; x_wconf 89' lang='lat' dir='ltr'><strong>hic</strong></span> <span class='ocrx_word' id='word_1_193' title='bbox 1237 2027 1282 2069; x_wconf 88' lang='lat' dir='ltr'><strong>in</strong></span> <span class='ocrx_word' id='word_1_194' title='bbox 1304 2028 1512 2082; x_wconf 87' lang='lat' dir='ltr'><strong>maiores,</strong></span> 
     </span>
     <span class='ocr_line' id='line_1_27' title="bbox 131 2093 1512 2154; baseline 0.002 -18"><span class='ocrx_word' id='word_1_195' title='bbox 131 2095 220 2136; x_wconf 83' lang='lat' dir='ltr'><strong>illic</strong></span> <span class='ocrx_word' id='word_1_196' title='bbox 242 2095 291 2136; x_wconf 89' lang='lat' dir='ltr'><strong>in</strong></span> <span class='ocrx_word' id='word_1_197' title='bbox 314 2095 511 2136; x_wconf 76' lang='lat' dir='ltr'><strong>minore-s</strong></span> <span class='ocrx_word' id='word_1_198' title='bbox 531 2096 784 2153; x_wconf 84' lang='lat' dir='ltr'><strong>portiones,</strong></span> <span class='ocrx_word' id='word_1_199' title='bbox 808 2096 971 2152; x_wconf 81' lang='lat' dir='ltr'><strong>templa</strong></span> <span class='ocrx_word' id='word_1_200' title='bbox 991 2102 1035 2136; x_wconf 83' lang='lat' dir='ltr'><strong>et</strong></span> <span class='ocrx_word' id='word_1_201' title='bbox 1053 2093 1261 2138; x_wconf 79' lang='lat' dir='ltr'><strong>sacrificia</strong></span> <span class='ocrx_word' id='word_1_202' title='bbox 1283 2095 1358 2137; x_wconf 87' lang='lat' dir='ltr'><strong>fibi</strong></span> <span class='ocrx_word' id='word_1_203' title='bbox 1378 2111 1512 2154; x_wconf 77' lang='lat' dir='ltr'><strong>appa-</strong></span> 
     </span>
     <span class='ocr_line' id='line_1_28' title="bbox 130 2163 1514 2221; baseline 0.001 -17"><span class='ocrx_word' id='word_1_204' title='bbox 130 2170 302 2214; x_wconf 79' lang='lat' dir='ltr'><strong>rantes,</strong></span> <span class='ocrx_word' id='word_1_205' title='bbox 331 2164 393 2205; x_wconf 85' lang='lat' dir='ltr'><strong>ita</strong></span> <span class='ocrx_word' id='word_1_206' title='bbox 411 2163 543 2205; x_wconf 86' lang='lat' dir='ltr'><strong>etiam</strong></span> <span class='ocrx_word' id='word_1_207' title='bbox 567 2163 753 2205; x_wconf 79' lang='lat' dir='ltr'><strong>insulam</strong></span> <span class='ocrx_word' id='word_1_208' title='bbox 777 2163 1010 2221; x_wconf 82' lang='lat' dir='ltr'><strong>Neptunus</strong></span> <span class='ocrx_word' id='word_1_209' title='bbox 1032 2163 1305 2206; x_wconf 75' lang='lat' dir='ltr'><strong>Atlantidem</strong></span> <span class='ocrx_word' id='word_1_210' title='bbox 1331 2163 1514 2206; x_wconf 87' lang='lat' dir='ltr'><strong>sortitus</strong></span> 
     </span>
     <span class='ocr_line' id='line_1_29' title="bbox 132 2231 1513 2288; baseline 0.001 -15"><span class='ocrx_word' id='word_1_211' title='bbox 132 2232 295 2273; x_wconf 87' lang='lat' dir='ltr'><strong>liberos</strong></span> <span class='ocrx_word' id='word_1_212' title='bbox 327 2234 426 2274; x_wconf 87' lang='lat' dir='ltr'><strong>suos</strong></span> <span class='ocrx_word' id='word_1_213' title='bbox 454 2247 566 2288; x_wconf 79' lang='lat' dir='ltr'><strong>quos</strong></span> <span class='ocrx_word' id='word_1_214' title='bbox 601 2247 624 2272; x_wconf 85' lang='lat' dir='ltr'><strong>e</strong></span> <span class='ocrx_word' id='word_1_215' title='bbox 657 2232 835 2273; x_wconf 80' lang='lat' dir='ltr'><strong>mortali</strong></span> <span class='ocrx_word' id='word_1_216' title='bbox 861 2231 1053 2274; x_wconf 71' lang='lat' dir='ltr'><strong>muliere</strong></span> <span class='ocrx_word' id='word_1_217' title='bbox 1078 2233 1331 2288; x_wconf 71' lang='lat' dir='ltr'><strong>susceperat</strong></span> <span class='ocrx_word' id='word_1_218' title='bbox 1357 2231 1402 2273; x_wconf 92' lang='lat' dir='ltr'><strong>in</strong></span> <span class='ocrx_word' id='word_1_219' title='bbox 1434 2232 1513 2274; x_wconf 84' lang='lat' dir='ltr'><strong>tali</strong></span> 
     </span>
     <span class='ocr_line' id='line_1_30' title="bbox 132 2298 1512 2353; baseline 0 -12"><span class='ocrx_word' id='word_1_220' title='bbox 132 2298 226 2342; x_wconf 78' lang='lat' dir='ltr'><strong>fere</strong></span> <span class='ocrx_word' id='word_1_221' title='bbox 254 2300 420 2341; x_wconf 80' lang='lat' dir='ltr'><strong>insulae.</strong></span> <span class='ocrx_word' id='word_1_222' title='bbox 457 2301 556 2343; x_wconf 90' lang='lat' dir='ltr'><strong>loco</strong></span> <span class='ocrx_word' id='word_1_223' title='bbox 592 2299 849 2353; x_wconf 74' lang='lat' dir='ltr'><strong>collocavit3</strong></span> <span class='ocrx_word' id='word_1_224' title='bbox 886 2300 941 2341; x_wconf 90' lang='lat' dir='ltr'><strong>ad</strong></span> <span class='ocrx_word' id='word_1_225' title='bbox 972 2315 1098 2342; x_wconf 88' lang='lat' dir='ltr'><strong>mare</strong></span> <span class='ocrx_word' id='word_1_226' title='bbox 1127 2298 1333 2342; x_wconf 81' lang='lat' dir='ltr'><strong>videlicet</strong></span> <span class='ocrx_word' id='word_1_227' title='bbox 1365 2299 1512 2342; x_wconf 86' lang='lat' dir='ltr'><strong>media</strong></span> 
     </span>
     <span class='ocr_line' id='line_1_31' title="bbox 133 2368 1513 2425; baseline 0 -15"><span class='ocrx_word' id='word_1_228' title='bbox 133 2368 180 2410; x_wconf 91' lang='lat' dir='ltr'><strong>in</strong></span> <span class='ocrx_word' id='word_1_229' title='bbox 205 2368 347 2410; x_wconf 85' lang='lat' dir='ltr'><strong>insula</strong></span> <span class='ocrx_word' id='word_1_230' title='bbox 371 2368 579 2411; x_wconf 81' lang='lat' dir='ltr'><strong>universa</strong></span> <span class='ocrx_word' id='word_1_231' title='bbox 597 2384 641 2409; x_wconf 71' lang='lat' dir='ltr'><strong>ca</strong></span> <span class='ocrx_word' id='word_1_232' title='bbox 651 2383 778 2423; x_wconf 66' lang='lat' dir='ltr'><strong>mnus</strong></span> <span class='ocrx_word' id='word_1_233' title='bbox 798 2375 906 2417; x_wconf 68' lang='lat' dir='ltr'><strong>erat,</strong></span> <span class='ocrx_word' id='word_1_234' title='bbox 930 2369 1005 2423; x_wconf 87' lang='lat' dir='ltr'><strong>qni</strong></span> <span class='ocrx_word' id='word_1_235' title='bbox 1024 2368 1229 2410; x_wconf 86' lang='lat' dir='ltr'><strong>omnium</strong></span> <span class='ocrx_word' id='word_1_236' title='bbox 1249 2382 1513 2425; x_wconf 85' lang='lat' dir='ltr'><strong>camporum</strong></span> 
     </span>
     <span class='ocr_line' id='line_1_32' title="bbox 133 2435 1513 2494; baseline 0 -17"><span class='ocrx_word' id='word_1_237' title='bbox 133 2436 468 2494; x_wconf 79' lang='lat' dir='ltr'><strong>pulcherrimus</strong></span> <span class='ocrx_word' id='word_1_238' title='bbox 487 2437 737 2493; x_wconf 63' lang='lat' dir='ltr'><strong>eximiaqu(¹</strong></span> <span class='ocrx_word' id='word_1_239' title='bbox 758 2435 920 2478; x_wconf 76' lang='lat' dir='ltr'><strong>dicitur</strong></span> <span class='ocrx_word' id='word_1_240' title='bbox 939 2435 1062 2478; x_wconf 81' lang='lat' dir='ltr'><strong>suiffe</strong></span> <span class='ocrx_word' id='word_1_241' title='bbox 1082 2435 1302 2483; x_wconf 79' lang='lat' dir='ltr'><strong>bonitate;</strong></span> <span class='ocrx_word' id='word_1_242' title='bbox 1324 2436 1377 2478; x_wconf 86' lang='lat' dir='ltr'><strong>ad</strong></span> <span class='ocrx_word' id='word_1_243' title='bbox 1396 2451 1513 2478; x_wconf 85' lang='lat' dir='ltr'><strong>cam·</strong></span> 
     </span>
     <span class='ocr_line' id='line_1_33' title="bbox 134 2504 1513 2562; baseline -0.001 -16"><span class='ocrx_word' id='word_1_244' title='bbox 134 2521 244 2562; x_wconf 87' lang='lat' dir='ltr'><strong>pum</strong></span> <span class='ocrx_word' id='word_1_245' title='bbox 275 2505 427 2546; x_wconf 79' lang='lat' dir='ltr'><strong>rursus</strong></span> <span class='ocrx_word' id='word_1_246' title='bbox 458 2505 503 2546; x_wconf 92' lang='lat' dir='ltr'><strong>in</strong></span> <span class='ocrx_word' id='word_1_247' title='bbox 536 2505 678 2548; x_wconf 75' lang='lat' dir='ltr'><strong>medio</strong></span> <span class='ocrx_word' id='word_1_248' title='bbox 699 2504 840 2548; x_wconf 74' lang='lat' dir='ltr'><strong>stadiis</strong></span> <span class='ocrx_word' id='word_1_249' title='bbox 870 2504 966 2547; x_wconf 83' lang='lat' dir='ltr'><strong>fere</strong></span> <span class='ocrx_word' id='word_1_250' title='bbox 1003 2504 1326 2561; x_wconf 85' lang='lat' dir='ltr'><strong>quinquaginta</strong></span> <span class='ocrx_word' id='word_1_251' title='bbox 1356 2505 1513 2546; x_wconf 86' lang='lat' dir='ltr'><strong>distans</strong></span> 
     </span>
     <span class='ocr_line' id='line_1_34' title="bbox 137 2572 1511 2629; baseline -0.001 -14"><span class='ocrx_word' id='word_1_252' title='bbox 137 2581 231 2616; x_wconf 75' lang='lat' dir='ltr'><strong>erat</strong></span> <span class='ocrx_word' id='word_1_253' title='bbox 255 2589 378 2615; x_wconf 66' lang='lat' dir='ltr'><strong>mons</strong></span> <span class='ocrx_word' id='word_1_254' title='bbox 402 2572 548 2615; x_wconf 78' lang='lat' dir='ltr'><strong>brevis</strong></span> <span class='ocrx_word' id='word_1_255' title='bbox 569 2587 901 2629; x_wconf 77' lang='lat' dir='ltr'><strong>usquequaque.</strong></span> <span class='ocrx_word' id='word_1_256' title='bbox 934 2572 978 2614; x_wconf 89' lang='lat' dir='ltr'><strong>in</strong></span> <span class='ocrx_word' id='word_1_257' title='bbox 1000 2574 1085 2615; x_wconf 88' lang='lat' dir='ltr'><strong>hoc</strong></span> <span class='ocrx_word' id='word_1_258' title='bbox 1107 2572 1335 2616; x_wconf 83' lang='lat' dir='ltr'><strong>habitabat</strong></span> <span class='ocrx_word' id='word_1_259' title='bbox 1356 2587 1511 2615; x_wconf 86' lang='lat' dir='ltr'><strong>eorum</strong></span> 
     </span>
     <span class='ocr_line' id='line_1_35' title="bbox 136 2640 1514 2700; baseline -0.003 -16"><span class='ocrx_word' id='word_1_260' title='bbox 136 2641 293 2699; x_wconf 77' lang='lat' dir='ltr'><strong>aliquis</strong></span> <span class='ocrx_word' id='word_1_261' title='bbox 325 2642 401 2698; x_wconf 83' lang='lat' dir='ltr'><strong>qui</strong></span> <span class='ocrx_word' id='word_1_262' title='bbox 422 2641 483 2684; x_wconf 82' lang='lat' dir='ltr'><strong>ibi</strong></span> <span class='ocrx_word' id='word_1_263' title='bbox 522 2657 545 2684; x_wconf 90' lang='lat' dir='ltr'><strong>a</strong></span> <span class='ocrx_word' id='word_1_264' title='bbox 577 2641 795 2700; x_wconf 81' lang='lat' dir='ltr'><strong>principio</strong></span> <span class='ocrx_word' id='word_1_265' title='bbox 829 2656 853 2683; x_wconf 85' lang='lat' dir='ltr'><strong>e</strong></span> <span class='ocrx_word' id='word_1_266' title='bbox 883 2649 1002 2687; x_wconf 81' lang='lat' dir='ltr'><strong>terra</strong></span> <span class='ocrx_word' id='word_1_267' title='bbox 1034 2642 1122 2686; x_wconf 85' lang='lat' dir='ltr'><strong>orti</strong></span> <span class='ocrx_word' id='word_1_268' title='bbox 1150 2648 1303 2694; x_wconf 85' lang='lat' dir='ltr'><strong>erant,</strong></span> <span class='ocrx_word' id='word_1_269' title='bbox 1332 2640 1514 2683; x_wconf 86' lang='lat' dir='ltr'><strong>nomine</strong></span> 
     </span>
    </p>
   </div>
  </div>
 </body>
</html>
