1657 2876
627 121 969 169 TIMAEUS.
1406 121 1488 163 215

103 235 284 279 affectio
305 235 351 279 in
377 236 428 279 iis
447 234 690 278 immobilis
713 241 860 275 totum
879 234 926 276 in
948 233 1114 278 animal
1139 235 1330 280 influens
1342 237 1486 278 sensus

99 321 258 364 expers
281 305 492 349 exhibeat
509 303 553 346 id
576 302 693 358 quod
722 302 927 344 aflicitur.
959 304 1068 346 haec
1093 313 1242 347 autem
1263 305 1422 346 osfibus
1442 311 1487 346 et

99 375 295 417 crinibus
336 373 518 428 aliisque
558 371 764 413 omnibus
795 372 998 413 accidunt
1031 387 1144 426 quae
1178 381 1355 414 terrena
1385 388 1486 414 ma-

95 443 266 486 ximam
304 450 475 498 partem
514 439 560 482 in
603 440 728 482 nobis
767 439 1014 492 habemus3
1063 440 1290 496 superiora
1334 448 1485 483 autem

95 511 211 552 visui
238 518 283 551 et
301 508 475 551 auditui
500 510 717 559 maxime,
755 509 860 564 quia
880 508 993 565 ignis
1025 516 1066 549 et
1086 508 1202 550 ae'ris
1225 507 1271 549 in
1294 508 1361 550 his
1383 524 1484 550 ma-

94 579 221 620 xima
238 577 303 618 vis
324 577 445 619 inest.
479 578 534 619 de
555 580 785 634 voluptate
811 577 945 634 igitur
966 578 1176 619 etdolore
1197 577 1282 618 hoc
1305 584 1485 633 oportet

91 645 262 688 sentiri.
305 645 484 689 affectio
505 647 685 702 quidem
712 664 736 689 a
762 657 922 691 natura
944 647 1098 689 aversa
1122 655 1164 688 et
1183 647 1376 688 violenta
1402 660 1482 686 co-

90 715 211 773 piose¹
246 715 301 756 ad
340 731 418 756 nos
453 715 639 758 affluens
680 717 866 765 acerba,
917 716 973 758 ad
1001 724 1208 758 naturam
1247 723 1480 757 revertens

89 783 243 826 itidem
266 784 440 839 copiose
470 784 691 838 iucunda,
723 785 947 827 contraria
981 801 1086 827 vero
1110 785 1275 827 harum
1298 791 1481 826 contra-
1524 775 1528 778 i

89 853 156 895 rio
178 854 220 894 se
242 853 375 895 modo
397 853 542 894 habet.
572 869 882 910 quaecumque
900 862 1050 895 autem
1066 869 1225 909 magna
1246 866 1345 900 cun]
1367 850 1481 892 laci-

88 921 213 964 litate
244 922 459 978 obtingit,
496 924 672 965 sensum
706 923 887 978 quidem
917 930 1068 964 movet
1098 938 1231 978 quam
1265 921 1480 971 maxime,

88 990 257 1032 dolo‘ris
293 1006 404 1032 vero
442 998 485 1032 et
514 993 759 1043 voluptatis
789 1007 948 1047 expers
979 993 1058 1043 est,
1089 992 1212 1033 velut
1242 990 1479 1032 oculorum

87 1060 291 1116 ipsorum
328 1059 605 1105 affectiones,
649 1074 759 1114 quos
796 1060 977 1114 quidem
1013 1075 1176 1116 corpus
1206 1060 1338 1117 supra
1360 1057 1480 1100 dixi-

86 1143 186 1170 mus
230 1128 319 1168 luci
349 1128 537 1182 diurnae
570 1137 808 1185 cognatum
841 1129 969 1170 nobis
1000 1130 1211 1171 exstitisse.
1256 1128 1323 1169 his
1355 1127 1478 1168 enim

87 1196 319 1238 incifiones
353 1204 396 1237 et
424 1198 616 1239 ustiones
649 1205 690 1238 et
719 1212 1029 1252 quaecumque
1058 1197 1142 1239 alia
1176 1197 1279 1251 quid
1309 1195 1479 1252 patitur

85 1265 261 1307 dolores
292 1279 382 1305 non
408 1264 633 1312 inficiunt,
668 1280 813 1319 neque
836 1268 972 1308 etiam
996 1267 1246 1322 voluptates
1268 1279 1406 1319 quum
1428 1263 1478 1305 in

86 1334 274 1390 eandem
313 1333 559 1374 revertitur
588 1333 804 1390 speciem,
848 1334 1036 1375 maximi
1066 1342 1226 1383 autem
1255 1333 1400 1373 sensus
1434 1338 1480 1373 et

85 1404 306 1445 clarisfimi
328 1409 581 1452 moventur,
612 1410 833 1456 quatenus
869 1402 1125 1445 afficiuntur
1162 1401 1330 1459 ipsique
1359 1399 1478 1441 forte

82 1472 131 1513 in
161 1470 326 1525 aliquid
367 1469 609 1510 incurrunt
653 1470 787 1525 idque
821 1471 1070 1526 attinguntg
1113 1470 1324 1513 violentia
1356 1468 1477 1510 enim

83 1541 207 1582 nulla
234 1539 342 1580 inest
372 1538 419 1580 in
449 1550 607 1578 eorum
631 1538 876 1579 secretione
894 1547 939 1580 et
968 1540 1268 1580 concretione.
1311 1552 1478 1593 corpo-

82 1625 135 1651 ra
164 1617 312 1649 autem
341 1621 365 1647 e
390 1605 636 1647 maioribus
662 1606 868 1663 partibus
903 1607 1091 1649 conflata
1114 1606 1192 1663 vix
1212 1605 1416 1647 cedentia
1437 1603 1478 1647 ei

81 1679 200 1733 quod
227 1676 376 1727 afficit,
407 1676 506 1716 etin
526 1683 672 1716 totum
694 1674 1056 1716 transl'undentia
1077 1682 1241 1725 motus,
1265 1673 1478 1728 volupta-

81 1754 148 1788 tes
169 1745 338 1786 habent
361 1751 405 1784 et
431 1743 619 1793 dolores,
650 1744 705 1784 de
733 1744 842 1784 statu
865 1743 1046 1798 quidem
1070 1743 1262 1784 deducta
1282 1742 1475 1792 dolores,

80 1814 278 1857 restituta
297 1826 406 1853 vero
441 1810 485 1852 in
516 1810 709 1852 eundem
738 1812 1007 1868 voluptates.
1046 1823 1363 1866 quaecumque
1391 1824 1476 1850 au-

80 1891 174 1925 tem
209 1880 444 1939 paullatim
479 1880 740 1920 secesfiones
781 1887 824 1921 et
853 1880 1099 1921 vacuitates
1138 1880 1207 1920 sui
1235 1878 1472 1935 accipiunt,

82 1950 360 2008 expletiones
393 1956 543 1989 autem
575 1949 772 2004 copiosas
807 1957 851 1990 et
889 1949 1130 2000 continuo,
1173 1948 1475 2004 expletionem

80 2035 177 2062 non
200 2017 459 2068 sentientia,
492 2017 795 2074 expletionem
817 2032 925 2060 vero
948 2017 1264 2075 percipienda,
1297 2016 1474 2058 dolores

79 2088 226 2129 nullos
250 2086 446 2129 afferunt
476 2086 656 2127 mortali
689 2087 830 2128 animi
862 2086 1002 2143 parti,
1035 2087 1229 2127 summas
1256 2101 1365 2127 vero
1386 2101 1472 2128 vo·-

80 2156 298 2213 luptates3
330 2155 451 2210 quod
477 2154 658 2210 quidem
680 2155 946 2209 intelligitur
974 2170 997 2196 e
1017 2154 1227 2196 suavibus
1246 2154 1471 2197 odoribus.

81 2239 389 2280 quaecumque
409 2239 517 2265 vero
530 2223 784 2267 alienantur
799 2224 939 2274 timul,
953 2223 1186 2281 paullatim
1203 2238 1309 2265 vero
1337 2231 1381 2265 et
1395 2223 1471 2268 vix

81 2292 128 2332 in
172 2292 400 2347 pristinum
435 2293 561 2334 suum
597 2294 756 2334 statum
786 2292 1105 2344 restituuntur,
1146 2299 1302 2333 contra
1335 2299 1469 2347 atque

81 2360 309 2415 superiora
339 2361 488 2403 omnia
518 2361 754 2414 exhibent3
791 2361 903 2402 haec
930 2375 1112 2416 quoque
1138 2361 1186 2403 in
1219 2359 1467 2402 ustionibus

81 2434 125 2470 et
147 2428 427 2471 incifionibus
446 2430 647 2487 corporis
665 2431 764 2472 sunt
787 2419 1031 2471 manifesta.

196 2498 287 2539 lam
311 2513 567 2540 communes
597 2499 777 2554 quidem
809 2499 1008 2556 corporis
1028 2487 1240 2554 cuiusque
1264 2497 1466 2539 affectio-

80 2580 159 2607 nes
191 2575 226 2605 et
259 2567 439 2607 nomina
467 2566 519 2607 iis
541 2566 680 2607 indita
703 2581 813 2621 quae
839 2581 908 2606 eas
934 2567 1128 2610 efficiunt
1151 2567 1245 2609 sere
1268 2569 1464 2624 exposita

81 2634 207 2688 sunt3
247 2650 358 2692 qnae
382 2651 487 2678 vero
511 2635 555 2677 in
578 2635 769 2693 propriis
793 2634 922 2678 nostri
945 2636 1144 2694 partibus
1166 2635 1371 2679 accidunt
1393 2634 1462 2678 af.
