1657 2876
591 120 930 168 TIMAEUS.
1368 135 1443 167 121

181 243 250 284 Cr.
283 239 401 282 Haec
427 237 530 278 suut
559 234 786 291 facienda,
814 238 845 279 fi
874 236 1004 279 tertio
1033 248 1209 296 quoque
1234 239 1348 283 socio
1365 239 1448 283 Ti-

65 323 194 351 maeo
224 308 283 349 ita
311 305 501 348 videtur.

184 376 256 420 Ti.
288 374 473 418 Videtur
500 387 627 415 vero.

179 445 249 489 Cr.
281 441 400 485 Audi
430 440 587 496 igitur,
618 440 823 491 Socrate,
863 441 1163 483 narrationem
1194 444 1326 485 valde
1346 444 1450 501 qui-

68 512 169 554 dem
205 508 537 560 admirabilem,
577 512 757 566 prorsus
794 519 942 552 tamen
974 525 1156 561 veram,
1201 520 1250 553 ut
1282 513 1450 570 septem

66 581 244 623 illorum
279 576 615 633 sapientissimus
639 578 775 621 Solon
808 578 1048 633 aliquando
1082 578 1206 621 dixit.
1246 589 1338 620 erat
1368 596 1452 622 au-

68 656 157 690 tem
179 645 407 688 familiaris
427 653 470 686 et
490 646 731 688 admodum
757 647 923 689 amicus
935 647 1147 703 Dropidis
1170 649 1299 690 nostri
1325 664 1453 704 proa-

65 716 135 769 vi,
166 714 547 770 quemadmodum
577 715 668 772 ipse'
692 731 867 772 quoque
887 715 1060 772 saepius
1090 715 1194 757 dicit
1222 716 1266 756 in
1294 717 1453 757 carmi·

68 784 224 832 nibus;
258 791 300 824 et
321 782 485 824 Critiae
512 785 658 824 nostro
687 799 772 825 avo
804 783 981 835 retulit,
1009 791 1061 825 ut
1083 784 1350 826 memoravit
1373 799 1454 824 no-

66 852 133 894 bis
154 853 305 894 rursus
327 852 460 892 senex
478 881 490 898 ‚
518 866 677 907 magna
704 860 746 892 et
770 851 989 894 mirabilia
1019 853 1126 894 olim
1160 854 1272 895 hanc
1296 853 1455 894 urbem

74 920 250 962 edidisse
272 934 403 976 opera
418 953 430 973 ,
461 928 663 977 tempore
681 919 1006 974 hominumque
1025 920 1208 963 interitu
1227 922 1455 972 exstincta,

71 988 274 1030 omnium
297 1003 402 1029 vcro
427 1004 567 1030 unum
591 989 865 1040 maximum,
889 989 1008 1044 quod
1035 1004 1154 1031 nunc
1175 1005 1455 1032 commemo·-

68 1066 214 1099 rantes
233 1072 312 1098 nos
334 1057 487 1097 deceat
510 1056 588 1097 tibi
607 1057 794 1112 gratiam
817 1058 1064 1113 persolvere
1085 1059 1302 1115 simulque
1325 1059 1457 1100 deam

69 1125 116 1166 in
160 1125 263 1166 festo
303 1133 434 1166 coetu
475 1125 582 1166 iuste
610 1133 654 1166 et
691 1140 797 1166 vere
826 1133 1055 1180 tamquam
1100 1126 1296 1169 carmine
1341 1126 1458 1169 cele..-

70 1193 213 1235 brare.

185 1259 254 1302 So.
285 1261 403 1302 Bene
437 1260 556 1302 dicis.
575 1262 634 1302 'at
655 1262 785 1316 quale
813 1260 923 1303 illud
949 1276 1057 1317 opus
1082 1260 1246 1302 Critias
1275 1275 1365 1301 non
1388 1259 1461 1300 di·-

72 1338 216 1378 ctum,
247 1329 318 1369 sed
335 1343 490 1371 revera
509 1329 677 1370 editum
702 1330 756 1375 ab
788 1330 923 1372 hacce
942 1330 1053 1371 urbe
1083 1328 1327 1384 antiquitus
1355 1344 1457 1369 nar-

71 1398 191 1443 ravit
223 1413 246 1438 e
265 1396 437 1440 Solonis
467 1397 713 1440 relatione?

192 1465 269 1510 Gr.
300 1465 394 1520 Ego
431 1464 573 1506 dicam
605 1473 802 1509 veterem
835 1468 1141 1509 narrationem
1179 1481 1204 1507 a
1238 1470 1338 1507 viro
1367 1482 1462 1507 non

74 1533 226 1576 iuveni
258 1541 530 1590 perceptam.
571 1534 724 1577 aberat
754 1536 871 1577 enim
902 1542 997 1576 tum
1032 1534 1210 1584 Critias,
1253 1542 1304 1576 ut
1333 1534 1463 1585 dixit,

75 1617 219 1662 prope
243 1602 336 1644 sere
370 1601 424 1642 ab
453 1616 571 1643 anno
603 1606 910 1660 nonagefimo,
944 1611 986 1644 et
1016 1617 1095 1660 ego
1126 1602 1366 1645 admodum
1398 1602 1463 1643 fui

78 1671 302 1713 decennis.
345 1669 561 1724 agebatur
596 1679 741 1713 autem
783 1672 910 1713 nobis
948 1672 1105 1713 tertius
1136 1672 1463 1729 Apaturiorum

79 1739 172 1781 dies
200 1737 406 1779 Cureotis
436 1738 598 1789 dictus,
638 1746 679 1779 et
700 1741 818 1794 quod
848 1739 1000 1781 diebus
1030 1739 1143 1781 festis
1172 1742 1345 1796 semper
1365 1740 1461 1782 fieri

80 1807 391 1852 consueverat,
432 1805 477 1846 id
515 1813 612 1846 tum
651 1822 829 1862 quoque
869 1807 1019 1848 evenit
1046 1808 1225 1865 pueris3
1266 1809 1466 1865 praemia

82 1875 199 1918 enim
225 1874 351 1915 nobis
375 1882 520 1931 patres
540 1876 874 1931 proposuerunt
894 1877 1146 1917 carminum
1177 1876 1465 1919 recitationis.

82 1944 330 1986 multorum
363 1943 499 1998 igitur
521 1944 750 1999 multaque
781 1944 1082 1987 recitabantur
1109 1946 1343 2000 poetarum
1365 1961 1467 1986 car-

83 2014 242 2064 mina,
290 2011 467 2054 Solonis
511 2021 662 2054 autem
694 2014 847 2054 versus
891 2013 1056 2071 quippe
1099 2028 1240 2054 novos
1274 2014 1317 2054 id
1352 2021 1467 2055 tem-

85 2081 205 2140 poris
252 2080 383 2121 multi
425 2095 670 2137 puerorum
705 2081 995 2125 cantavimus.
1048 2081 1165 2123 dixit
1205 2081 1340 2135 igitur
1380 2082 1468 2124 ali-

89 2150 184 2206 quis
212 2148 469 2200 tribulium,
502 2150 590 2190 five
612 2150 673 2190 ita
706 2149 745 2190 ei
773 2156 870 2191 tum
904 2150 1144 2192 videbatur
1170 2152 1256 2191 five
1287 2158 1467 2205 gratum

90 2217 236 2260 facere
262 2216 436 2259 volebat
459 2217 650 2267 Critiae,
683 2217 755 2259 fibi
778 2217 921 2260 videri
954 2233 1091 2275 quum
1125 2218 1177 2259 ad
1212 2218 1382 2273 reliqua
1396 2219 1470 2259 sa-

95 2285 410 2343 pientissimum
428 2285 858 2333 exstitiffesolonem‚
873 2294 969 2328 tum
986 2286 1117 2328 etiam
1135 2287 1176 2328 in
1190 2286 1303 2344 poefi
1320 2285 1470 2343 poeta·

93 2369 197 2397 rum
208 2354 407 2395 omnium
429 2354 810 2410 generosissimum.
836 2363 928 2397 tum
954 2357 1085 2397 senex
1099 2356 1226 2405 (bene
1239 2356 1357 2396 enim
1382 2369 1472 2397 me·

93 2420 225 2476 mini)
245 2421 372 2462 valde
390 2423 573 2465 laetatus
592 2425 648 2464 est
668 2424 905 2479 ridensque
927 2424 1066 2466 {mmo
1084 2425 1126 2472 fi,
1149 2423 1306 2479 inquit,
1333 2423 1474 2479 Amy-

94 2490 267 2531 nandre
288 2523 298 2540 ‚
337 2505 424 2532 non
458 2491 679 2533 subficivis
716 2492 861 2548 operis
895 2492 940 2534 in
973 2493 1087 2550 po'e'li
1123 2492 1166 2534 se
1201 2493 1473 2541 exercuiffet,

94 2559 167 2599 sed
203 2558 360 2599 serium
399 2558 454 2599 ad
486 2574 585 2601 eam
627 2559 812 2601 studium
845 2561 1113 2614 contutum,
1152 2563 1256 2603 ficut
1303 2560 1398 2605 alii,
1430 2565 1475 2598 et

98 2625 320 2674 historiam
369 2641 503 2683 quam
534 2643 587 2671 ex
619 2628 816 2686 Aegypto
857 2628 946 2671 huc
982 2630 1195 2673 attulerat
1234 2626 1477 2671 absolvisset
