1657 2876
612 108 953 156 TIMAEUS.
1396 120 1480 165 115

214 233 287 275 So.
309 231 425 275 Num
446 241 551 269 vero
571 223 827 267 meministis
850 233 1018 281 quanta
1037 229 1165 273 vobis
1182 239 1227 274 et
1245 232 1300 275 de
1319 233 1479 291 quibus

91 300 227 344 rebus
252 296 555 342 mandaverim
581 302 629 336 ut
652 293 888 335 diceretis?

211 368 279 413 Ti.
298 366 463 410 Partim
484 361 784 408 meminimus,
806 376 919 417 quae
939 378 1041 406 vero
1062 379 1167 419 non,
1187 383 1238 412 ea
1260 379 1309 412 tu
1329 387 1482 428 praes-

91 453 170 480 ens
189 438 237 480 in
270 433 535 478 memoriam
563 432 691 474 nobis
723 431 920 474 reduces.
963 433 1112 490 potius
1143 451 1274 492 vero,
1307 443 1381 482 mfi
1402 443 1483 486 tibi

90 507 320 549 molestum
340 503 420 554 est,
442 501 497 544 ab
521 500 647 543 initio
669 503 825 544 rursus
846 501 971 544 brevi
993 517 1044 544 ea
1065 513 1241 562 repete,
1272 516 1323 551 ut
1343 513 1483 568 magis

91 575 210 632 apud
239 584 318 614 nos
341 571 686 616 confirmentur.

209 642 278 683 So.
309 640 378 683 Ita
399 640 488 683 fiet.
521 639 877 698 disputationum
899 639 1036 697 igitur
1062 641 1162 686 heri
1189 660 1214 687 a
1242 661 1319 688 me
1338 647 1393 689 de
1420 650 1484 692 ci-

87 711 224 754 vitate
244 710 499 752 habitarum
521 711 695 750 summa
724 709 772 750 in
796 710 879 750 hoc
898 711 1150 754 confistebat
1171 715 1314 768 qualis
1335 719 1486 771 quali..

87 779 260 837 busque
281 794 305 820 e
322 777 427 819 viris
445 777 616 834 optima
638 777 868 819 videretur
889 779 1002 821 mihi
1021 784 1137 837 posse
1158 784 1373 825 exfistere.

207 848 277 890 Ti.
310 849 375 890 Ac
412 849 514 888 sane
547 846 732 902 quidem
769 846 919 900 nobis,
962 849 1164 902 Socrate,
1203 852 1396 908 expofita
1430 856 1489 897 est

87 917 298 959 omnibus
322 931 376 957 ex
399 913 535 956 animi
558 915 789 959 sententia.

204 990 275 1029 So.
317 986 474 1027 bonne
518 999 623 1024 vero
666 984 962 1038 agricolarum
998 1001 1140 1042 genus
1180 996 1226 1030 et
1266 999 1489 1047 quotquot

89 1053 202 1094 aliae
222 1055 323 1094 sunt.
343 1061 459 1094 artes
481 1052 682 1108 primum
706 1068 755 1094 m
773 1067 824 1094 ea
845 1054 1150 1110 separavimus
1174 1072 1199 1099 a
1219 1072 1488 1118 propugna-

88 1129 239 1164 torum
263 1120 459 1176 genere?

206 1188 276 1230 Ti.
309 1189 470 1230 Etiam.

202 1256 278 1301 So.
311 1257 369 1299 Et
398 1250 642 1298 seeundum
675 1262 886 1297 naturam
921 1256 1104 1312 quidem
1137 1260 1300 1317 cuique
1329 1279 1413 1319 per
1446 1267 1489 1309 se

89 1326 361 1369 conveniens
386 1340 527 1381 quum
550 1326 847 1366 tribueremus
878 1340 1025 1368 unum
1053 1333 1367 1374 tantummodo
1397 1336 1488 1376 stu-

91 1395 215 1436 dium
238 1402 371 1450 atque
397 1410 530 1452 opus,
561 1409 636 1435 eos
656 1393 817 1449 quibus
838 1409 921 1450 pro
950 1395 1159 1438 omnibus
1187 1403 1489 1456 pugnandum

90 1467 193 1506 estet
217 1464 413 1505 diximus
435 1463 632 1505 custodes
654 1462 816 1503 debere
838 1466 919 1505 effe
940 1467 1255 1509 tantummodo
1275 1470 1488 1527 civitatis,

87 1534 174 1574 five.
193 1534 291 1587 quis
313 1531 421 1574 foris
447 1534 533 1573 five
562 1531 680 1572 intus
711 1530 981 1575 maleficium
1015 1542 1254 1578 conaretur
1276 1539 1491 1583 commit-

89 1609 213 1652 tere,
246 1601 493 1643 clementer
511 1600 695 1656 quidem
717 1598 960 1641 iudicantes
981 1609 1136 1643 contra
1157 1603 1374 1648 subiectos
1396 1609 1490 1650 im-

88 1670 240 1726 periO,
268 1670 434 1726 quippe
455 1670 532 1725 qui
556 1677 716 1710 natura
738 1666 870 1708 amici
892 1671 1048 1720 effent,
1077 1669 1247 1713 feroces
1269 1683 1417 1717 autem
1441 1678 1489 1720 in

87 1737 245 1794 pugnis
271 1746 422 1779 contra
446 1738 586 1778 hostes
617 1736 660 1777 in
693 1751 803 1791 quos
825 1735 1076 1777 inciderent
1097 1739 1186 1779 sele
1206 1742 1484 1796 praebentes.

208 1806 277 1849 Ti.
315 1807 495 1847 Prorsus
518 1804 696 1861 quidem
717 1821 786 1845 res
810 1805 862 1844 fic
894 1805 937 1843 se
961 1804 1108 1846 habet.

202 1878 276 1917 So.
308 1873 529 1916 Naturam
554 1873 791 1923 videlicet,
815 1881 865 1913 ut
885 1871 1106 1926 arbitror,
1138 1876 1367 1920 custodum
1393 1881 1489 1924 ani-

87 1941 150 1986 mi
189 1942 384 1985 diximus
423 1941 546 1983 fimul
594 1942 856 1985 iracundam
909 1942 1127 1998 simulque
1172 1944 1487 2004 philosopham

88 2019 296 2068 opuntere
326 2015 409 2054 effe
443 2009 690 2065 insigniter,
725 2020 773 2054 ut
807 2023 910 2066 erga
940 2018 1150 2067 utrosque
1176 2016 1339 2070 posfint
1363 2027 1488 2062 recte

89 2079 219 2122 mites
240 2089 279 2120 et
305 2079 470 2122 feroces
494 2081 536 2121 se
558 2079 784 2138 praebere.

207 2147 277 2193 Ti.
309 2149 473 2191 Etiam.

204 2216 272 2258 So.
299 2217 425 2274 Quid
447 2233 554 2259 vero
578 2217 698 2274 quod
725 2216 778 2258 ad
803 2214 1122 2258 institutionem
1142 2217 1338 2261 attinet?
1367 2236 1486 2265 non-

89 2299 149 2327 ne
177 2287 444 2341 gymnastica
474 2293 516 2327 et
544 2287 708 2328 nnlfica
737 2293 779 2327 et
808 2284 1046 2340 disciplinis
1077 2300 1389 2344 quaecumque
1414 2290 1485 2335 his

91 2363 373 2396 Conveniunt
405 2354 613 2396 omnibus
641 2354 859 2398 institutos
891 2354 1004 2398 effe?

209 2420 280 2464 Ti.
314 2422 428 2465 Sane
451 2423 646 2478 quidem.

211 2492 283 2533 So.
316 2490 391 2534 Sic
421 2498 574 2533 autem
603 2490 820 2534 institutos
851 2488 1109 2532 dicebamus
1139 2505 1288 2550 neque
1317 2510 1481 2540 aurum

152 2696 266 2739 Tom.
307 2698 329 2736 Ῑ
338 2697 360 2741 ’”.
742 2689 745 2692 ἱ
1162 2694 1202 2736 Π
