1657 2876
593 110 928 157 TIMAEUS.
1369 125 1443 154 201

62 244 139 271 ma
172 242 282 269 vero
311 226 562 269 minimam.
605 225 914 267 coarctatiouis
936 226 1141 268 videlicet
1161 228 1289 273 coitio
1310 242 1448 284 parva

62 297 110 338 in
132 310 398 352 magnorum
421 292 663 334 vacuitates
683 294 921 345 contrudit.
956 295 1103 351 parvis
1126 296 1260 350 igitur
1279 297 1331 338 ad
1347 312 1448 338 ma-

62 380 150 421 gua
170 365 316 420 positis
339 370 381 403 et
394 360 644 403 minoribus
671 361 840 402 maiora
863 361 1226 406 discernentibus,
1259 364 1448 407 maiori-

61 431 147 475 bus
170 447 274 475 vero
295 431 368 472 illa
388 428 710 483 colligentibus,
724 429 874 470 omnia
889 431 1060 472 sursum
1077 431 1281 474 deorsum
1300 441 1449 476 trans-

60 500 272 543 feruntur
303 497 358 538 ad
389 498 487 539 suos
521 497 662 546 loc0s;
705 497 914 552 quodque
946 498 1065 538 enim
1092 500 1446 553 magnitudinem

61 577 240 611 mutans
256 566 390 607 eliam
414 567 616 607 locorum
639 573 782 607 mutat
805 566 979 607 statum.
1017 566 1072 608 ita
1100 575 1143 608 et
1164 568 1241 609 has
1259 569 1315 610 ob
1335 584 1447 611 cau-

60 638 126 677 sas
151 633 475 689 inaequalitatis
498 635 782 675 conservatus
794 643 921 676 ortus
942 634 1260 691 sculpet-eflicit
1278 646 1327 679 ut
1338 653 1448 694 per·

61 711 196 760 petua
219 702 380 744 horum
405 702 544 745 motio
567 710 609 742 et
629 703 675 744 fit
697 709 740 742 et
761 700 910 744 futura
935 702 998 744 fit.

176 771 348 814 Deinde
370 771 454 811 hoc
488 777 664 827 oportet
688 770 829 811 teneri
863 770 977 826 ignis
997 786 1160 827 genera
1181 774 1325 815 multa
1349 777 1446 820 effe.

61 841 188 882 velut
207 839 436 881 flammam
458 846 590 893 atque
625 837 667 880 id
694 839 810 896 quod
832 853 856 880 e
874 839 1056 882 flamma
1081 841 1185 890 exit,
1218 841 1337 897 quod
1362 843 1450 883 mi-

62 909 184 951 nime
205 907 384 963 quidem
407 906 512 959 urit,
542 906 612 947 sed
635 908 780 950 lucem
802 908 941 949 oculis
965 908 1162 966 praebet,
1185 916 1228 949 et
1245 909 1306 960 id,
1326 909 1449 965 quod

61 978 245 1021 flamma
274 976 483 1018 exstincta
510 974 555 1014 in
579 975 709 1017 rebus
741 975 1031 1019 candentibus
1052 978 1105 1020 de
1128 977 1204 1019 illa
1224 976 1451 1032 relinqui·

62 1054 152 1087 tur.
177 1044 377 1087 similiter
400 1043 513 1084 aeris
538 1057 639 1099 pars
660 1044 889 1086 clarisflma
915 1047 1178 1101 cognomine
1196 1046 1349 1087 aether
1364 1061 1452 1104 ap—

63 1113 280 1169 pellatur,
310 1111 604 1153 turbidisfima
623 1111 784 1154 nebula
810 1121 854 1153 et
882 1113 1104 1161 tenebrae,
1137 1114 1340 1170 aliaeque
1362 1130 1451 1156 no·-

61 1180 184 1223 mine
213 1186 412 1221 carentes
432 1180 595 1234 species
614 1178 756 1222 factae
781 1196 864 1238 per
885 1182 1213 1238 triangulorum
1233 1182 1452 1237 inaequa-

59 1248 246 1291 litatem.
279 1263 419 1303 aquae
445 1264 553 1290 vero
576 1248 777 1306 prinlum
802 1249 914 1289 duae
938 1249 1040 1289 sunt
1059 1249 1243 1303 species,
1265 1250 1451 1292 humida

61 1332 169 1368 una,
181 1318 319 1358 altera
335 1332 384 1358 ea
401 1331 514 1373 quae
527 1315 751 1358 funditur.
764 1323 808 1357 et
820 1316 1005 1358 humida
1020 1316 1217 1371 quidem,
1231 1317 1329 1372 quia
1344 1333 1452 1374 par-

63 1387 199 1444 ticeps
222 1388 277 1427 est
295 1401 451 1427 eorum
470 1399 610 1440 aquae
621 1399 837 1440 generum
859 1398 974 1438 quae
985 1399 1125 1440 parva
1144 1386 1303 1427 suntet
1321 1387 1452 1428 inae-

61 1455 226 1511 qualia,
258 1453 435 1496 mobilis
455 1452 545 1509 ipsa
559 1467 638 1508 per
658 1453 700 1492 se
723 1460 767 1492 et
789 1466 865 1506 per
881 1452 1005 1494 aliud
1030 1461 1215 1509 propter
1237 1454 1452 1509 inaequa-

62 1523 233 1565 litatem
256 1521 513 1578 figuraeque
533 1520 724 1578 speciem
748 1517 863 1560 facta
888 1521 959 1572 est,
993 1521 1112 1575 quod
1134 1530 1285 1564 autem
1310 1538 1334 1563 e
1352 1538 1453 1564 ma-

61 1592 159 1646 gnis
184 1599 227 1631 et
255 1589 511 1646 aequalibus
535 1589 824 1646 compositum
856 1589 940 1635 est,
971 1587 1017 1630 id
1044 1588 1236 1631 stabilius
1266 1591 1452 1653 quidem

63 1660 119 1700 est
143 1659 218 1700 illo
247 1659 529 1714 graviterque
553 1663 834 1714 compactum
864 1671 944 1714 per
964 1656 1306 1712 aequalitatem,
1338 1673 1453 1716 pro-

62 1736 162 1786 pter
198 1728 346 1782 ignem
376 1735 527 1768 autem
562 1725 850 1766 invadentem
882 1733 928 1765 et
963 1723 1279 1768 dissolventem
1309 1741 1454 1782 quum

62 1795 377 1851 aequalitatem
400 1795 541 1834 amifit
561 1793 702 1847 magis
732 1792 783 1833 fit
811 1793 1031 1848 particeps
1063 1793 1301 1843 motionis,
1335 1802 1378 1835 et
1396 1794 1454 1835 ad

63 1865 309 1907 motionem
331 1877 466 1918 quum
496 1860 696 1917 proclive
715 1860 882 1902 factum
904 1861 987 1911 est,
1021 1877 1046 1902 a
1079 1860 1224 1903 vicino
1243 1862 1344 1905 ae‘re
1363 1863 1454 1904 im·-

62 1933 237 1990 pulsum
269 1939 311 1972 et
341 1929 561 1971 deiectum
590 1930 636 1970 in
667 1937 855 1983 terram,
893 1938 1138 1986 utrumque
1168 1929 1254 1971 hoc
1286 1946 1455 1974 nomen

64 2000 239 2043 inve-nit
261 2007 309 2040 ut
326 1997 546 2053 liquefieri
576 1999 741 2040 molem
763 1998 964 2040 dicamus
991 2012 1105 2053 quae
1127 1998 1387 2041 dissolvitur
1412 2008 1457 2042 et

64 2069 299 2119 evertitur,
332 2066 627 2108 deiectionem
649 2081 756 2106 vero
778 2065 822 2107 in
844 2072 1010 2109 terram
1031 2065 1277 2109 fluxionem
1302 2068 1457 2110 nomi-

65 2152 236 2179 nemus,
284 2135 438 2177 rursus
462 2141 608 2175 autem
637 2133 869 2175 excidente
899 2134 1004 2175 inde
1026 2134 1150 2190 igne,
1182 2134 1349 2191 quippe
1378 2136 1456 2192 qui

68 2204 225 2247 nonin
259 2218 452 2246 vacuum
491 2211 643 2254 exeat,
676 2201 886 2258 impulsus
914 2203 1090 2244 vicinus
1120 2203 1198 2244 aer
1218 2202 1456 2246 humidam

69 2273 249 2318 molem,
279 2285 392 2327 quae
406 2271 549 2313 adhuc
569 2270 698 2312 facile
718 2278 946 2319 movetur,
978 2272 1024 2313 in
1049 2270 1159 2327 ignis
1181 2270 1326 2313 sedern
1347 2289 1459 2315 con-

68 2338 212 2381 trudit
231 2346 276 2380 et
298 2355 396 2381 cum
418 2339 504 2380 hoc
526 2338 804 2388 commiscet3
837 2339 910 2380 ille
932 2353 1043 2380 vero
1066 2340 1294 2381 contrusus
1314 2355 1459 2396 quum

68 2408 381 2459 aequalitatem
406 2409 556 2449 rursus
588 2405 782 2463 accepit,
816 2407 982 2464 quippe
1013 2407 1115 2463 igue
1135 2407 1464 2463 inaequalitatis

73 2474 283 2516 effectore
315 2474 486 2528 elapso,
532 2475 576 2516 in
610 2473 802 2516 eundem
839 2476 983 2516 secum
1017 2476 1171 2517 statum
1203 2476 1461 2518 restituitur.

74 2550 205 2598 atquc
230 2542 340 2594 ienis
364 2541 537 2595 quidem
566 2543 769 2584 discessus
792 2541 1088 2599 refrigeratio,
1109 2543 1241 2586 coitio
1262 2559 1368 2586 vero
1390 2544 1461 2584 illo

79 2611 262 2666 digresso
285 2617 564 2666 compactum
588 2625 729 2667 genus
755 2609 932 2654 dicitur.
983 2611 1051 2655 Ex
1074 2612 1140 2654 his
1160 2612 1296 2668 igitur
1312 2612 1462 2653 omni-
