1657 2876
558 158 911 205 TlMAEU-s,
1357 167 1438 223 175

373 246 397 255 x

57 273 189 317 ratim
216 290 325 318 vero
348 275 402 317 de
422 272 474 314 iis
494 285 608 326 quae
626 285 727 314 curn
753 272 1038 330 intelligentia
1066 279 1367 337 pulchrorum
1389 298 1440 326 ac

59 343 280 386 bonorum
316 345 414 384 sunt
443 340 682 383 effectrices
713 350 756 383 et
795 357 907 396 quae
948 356 1155 389 vacantes
1195 353 1436 404 prudentia

55 413 242 467 quodvis
269 410 573 467 perturbatum
595 409 807 453 efficiunt.
846 427 896 452 ac
917 412 971 453 de
1000 415 1236 458 oculorum
1259 420 1439 474 quidem

55 484 189 522 causis
209 479 546 530 adiuvantibus,
588 490 636 520 ut
672 481 892 521 haberent
922 495 1019 524 eam
1050 483 1141 524 vim
1158 501 1292 541 quam
1318 504 1439 532 nunc

52 549 221 593 habent
250 548 416 588 dictum
442 549 549 594 ess03
590 548 786 590 maxima
806 557 955 590 autem
978 565 1134 593 eorum
1156 555 1346 608 utilitas,
1383 557 1440 599 ob

55 631 189 672 quam
210 616 315 657 deus
338 631 410 657 eos
431 616 559 657 nobis
581 617 779 667 donavit,
809 617 1013 675 deinceps
1033 621 1292 676 explicetur.
1326 641 1442 667 ocu-

52 685 85 727 li
119 683 325 725 videlicet
355 700 415 727 ex
447 700 546 726 mea
580 687 778 727 oratione
811 687 1033 728 maximae
1062 689 1191 731 nobis
1235 693 1441 735 utilitatis

52 753 206 795 causae
244 754 524 800 exstiterunt,
560 754 775 810 siquidem
810 755 920 797 haec
958 771 1072 811 quae
1109 758 1166 799 est
1199 759 1349 801 habita
1385 761 1442 802 de

50 822 335 863 univer-litate
363 823 504 864 oratio
525 838 550 864 a
571 824 698 864 nobis
729 824 843 865 haud
870 839 1084 880 umquam
1112 828 1214 868 effet
1238 828 1441 881 inventa,

50 892 82 933 fi
111 906 256 947 neque
282 891 419 933 fidet-a
449 907 595 948 neque
619 892 757 934 solem
790 907 937 947 neque
970 893 1140 935 caelum
1172 895 1440 940 vidiffemus.

50 975 174 1001 nunc
205 975 305 1001 vero
329 960 419 1001 dies
440 968 683 1016 noctesque
712 961 849 1002 oculis
879 961 1081 1016 cognitae
1101 970 1145 1004 et
1164 966 1334 1007 menses
1356 982 1441 1008 an·-

50 1043 307 1082 norumque
330 1029 634 1070 converfiones
649 1043 891 1070 numerum
913 1030 1190 1073 machinatae
1209 1034 1309 1075 sunt
1322 1043 1443 1076 tem-

49 1097 262 1154 porisque
281 1096 524 1148 notionem,
548 1105 592 1137 et
614 1097 911 1138 universitatis
932 1107 1118 1141 naturae
1139 1100 1443 1159 investigatio-

50 1180 152 1207 nem
177 1164 506 1221 praebuerunt3
540 1165 700 1219 quibus
732 1181 788 1208 ex
817 1165 951 1207 rebus
975 1167 1300 1223 philosophiam
1333 1171 1444 1212 ade-

49 1234 115 1291 pti
151 1235 323 1283 sumus,
354 1246 444 1287 quo
469 1233 588 1272 bono
609 1235 783 1275 nullum
806 1235 1095 1290 praestantius
1117 1250 1262 1290 neque
1286 1238 1442 1281 datum

49 1304 108 1344 est
141 1301 400 1343 mortalium
432 1300 584 1355 generi
613 1316 760 1357 neque
793 1302 972 1343 dabitur
1011 1302 1202 1345 deorum
1239 1320 1442 1348 munere.

51 1372 152 1413 dico
186 1371 322 1427 igitur
354 1370 438 1410 hoc
472 1369 726 1411 maximum
755 1372 988 1411 oculorum
1032 1371 1228 1423 bonum3
1270 1374 1443 1430 reliqua

49 1454 159 1481 vero
173 1453 285 1493 quae
300 1437 474 1478 minora
487 1438 591 1492 quid
611 1438 890 1480 celebremus
902 1438 923 1480 ἶ)
949 1438 1106 1495 quibus
1120 1441 1196 1496 qui
1212 1456 1237 1482 a
1252 1441 1442 1498 philoso-

49 1508 157 1565 phia
178 1507 344 1548 alienus
369 1508 467 1548 ests]
479 1507 687 1548 orbatum
703 1508 746 1546 se
767 1511 848 1548 effe
862 1515 1073 1564 queratur
1092 1507 1253 1551 frustra
1268 1511 1442 1552 lamen—

50 1576 262 1619 tetur.sed
278 1575 362 1616 hoc
374 1576 537 1617 dictum
552 1577 636 1616 esto
649 1590 672 1615 a
684 1575 900 1625 nobis‚eos
914 1576 1031 1617 hanc
1043 1577 1100 1617 ob
1114 1579 1291 1621 causam
1304 1580 1440 1623 deum

48 1646 176 1688 nobis
192 1644 404 1686 invenisse
420 1644 652 1698 visumque
665 1643 857 1693 donasse,
883 1645 1267 1701 utintelligentiae
1288 1638 1443 1689 incae-

49 1715 92 1757 10
106 1714 414 1756 conversiones
429 1713 792 1766 cognosceremus
816 1712 963 1768 eisque
987 1721 1223 1756 uteremur
1241 1715 1295 1756 ad
1317 1731 1441 1758 men-

49 1784 104 1825 tis
128 1784 299 1824 nostrae
321 1780 530 1822 circuitus
545 1813 556 1831 ‚
578 1789 785 1836 cognatos
808 1781 894 1822 illis
917 1782 1228 1835 constantibus,
1252 1785 1322 1825 sed
1343 1800 1443 1842 per-

48 1851 262 1902 turbatos,
287 1849 472 1891 hisvero
490 1849 731 1906 perspectis
744 1849 961 1903 rectisque
973 1849 1442 1896 secundum‘naturam

50 1920 243 1976 acceptis
263 1918 522 1970 rationibus,
542 1917 770 1960 imitantes
782 1915 851 1958 dei
863 1917 1164 1959 conversiones
1177 1922 1355 1975 prorsus
1367 1938 1444 1964 er..

49 2003 154 2030 rore
172 2002 333 2028 vacuas
358 1989 518 2029 nostras
539 1994 736 2029 errantes
759 1985 807 2026 in
826 1985 1032 2027 ordinem
1054 1987 1341 2032 adducamus.
1375 1991 1443 2032 De

50 2071 160 2098 voce
179 2062 326 2097 autem
350 2056 557 2097 etauditu
572 2049 725 2096 eadem
740 2054 1019 2107 reditoratio‚
1043 2055 1237 2098 eundem
1248 2057 1294 2098 in
1312 2058 1441 2100 usum

52 2126 317 2180 easdemque
336 2124 390 2166 ob
415 2126 564 2166 causas
585 2140 610 2166 a
633 2124 712 2165 diis
726 2127 808 2165 esse
829 2122 967 2165 datos.
996 2126 1138 2165 oratio
1156 2125 1277 2168 enim
1287 2124 1341 2167 ad
1362 2142 1441 2168 ea-

53 2194 153 2236 dem
176 2194 288 2236 haec
311 2195 542 2236 constituta
556 2195 626 2246 est,
657 2193 907 2250 plurimum
929 2191 982 2232 ad
1004 2206 1053 2232 ea
1075 2191 1443 2246 conferens,om-

53 2262 210 2317 nisque
239 2276 354 2317 quae-
387 2264 628 2305 utilitatem
662 2261 798 2303 habet
830 2275 921 2302 vox
943 2261 1132 2310 musica,
1165 2262 1216 2303 ad
1234 2261 1442 2305 auditum

53 2330 316 2373 harmoniae
350 2333 475 2373 causa
508 2333 565 2373 est
593 2332 719 2380 data;
758 2329 995 2372 harmonia
1017 2336 1197 2377 autem,
1230 2340 1442 2387 cognatos

53 2397 221 2441 habens
243 2407 387 2441 motus
410 2401 563 2442 nostris
584 2398 721 2442 animi
744 2396 1125 2445 converfionibus,
1159 2398 1200 2440 ei
1223 2400 1301 2455 qui
1335 2415 1441 2441 cum

54 2467 348 2521 intelligentia
375 2469 506 2510 Musis
537 2469 678 2511 utitur
704 2483 793 2509 non
825 2467 880 2508 ad
908 2466 1184 2522 voluptatem
1215 2483 1241 2509 a
1265 2468 1445 2509 ratione

55 2537 255 2578 aversam
269 2568 279 2587 ‚
313 2537 689 2592 quemadmodum
709 2552 852 2588 nunc,
884 2534 1064 2576 videtur
1083 2535 1205 2577 utilis
1227 2539 1310 2578 effe
1325 2568 1336 2581 ,
1366 2535 1442 2576 sed

55 2605 110 2647 ad
149 2605 384 2647 circuitum
422 2605 559 2647 animi
588 2605 634 2646 in
665 2605 790 2647 nobis
829 2604 905 2661 qui
948 2603 1241 2646 inconcinnus
1284 2601 1444 2645 exstitit

57 2674 419 2732 componendum
476 2674 716 2730 secumque
758 2673 1108 2715 consentientem
1159 2670 1442 2715 reddendum
