1657 2876
615 124 951 174 TIMAEUS.
1397 133 1477 187 23¹7

90 246 250 305 susque
277 245 577 302 rel'1·igeratus‚
607 242 724 285 carie
746 243 925 285 exesum
950 244 1037 286 cito
1061 255 1382 305 corrupturum
1396 252 1480 292 effe

93 316 241 358 semen
261 315 308 356 in
327 316 371 356 se
392 312 627 362 inclusum,
647 311 760 352 lianc
782 311 838 351 ob
860 313 1034 355 causam
1055 329 1302 358 nervorum
1325 325 1366 358 et
1379 333 1480 360 car-

89 385 158 425 nis
193 398 334 440 genus
365 379 643 423 machinatus
673 381 751 430 est,
791 387 840 420 ut
871 382 1020 422 omnia
1047 383 1249 424 membra
1266 385 1477 441 colligans

89 451 168 493 illo
203 453 247 493 se
276 449 570 503 adstringente
604 456 649 489 et
677 449 909 490 relaxante
939 450 1052 491 circa
1081 451 1283 493 cardines
1317 467 1477 508 corpus

54 547 56 550 v
90 518 288 561 efficeret
309 517 398 558 sese
420 515 601 557 flectens
623 523 665 557 et
677 516 940 566 extendens,
974 533 1153 561 carnem
1176 529 1325 562 autem
1354 523 1478 562 arbi-

90 596 233 631 tratus
257 588 316 628 est
341 585 442 627 fore
474 585 863 643 propugnaculum
893 587 1104 629 adversus
1126 591 1288 631 aestum
1313 598 1358 631 et
1374 605 1479 632 mu-

88 656 344 700 nimentum
368 652 578 695 adversus
604 654 755 710 irigus‚
787 664 1020 710 praeterea
1041 658 1253 698 adversus
1271 659 1477 700 carusiu-

86 724 171 765 star
192 738 346 766 rerum
378 722 549 763 exlana
571 730 719 763 coacta
749 721 994 777 factarum,
1027 725 1293 782 corporibus
1324 726 1477 766 molli-

85 799 155 834 ter
192 799 236 832 et
267 790 425 832 leniter
445 791 678 832 cedentem
697 823 708 840 ‚
742 793 937 834 calidum
966 786 1076 834 vero
1103 794 1341 835 humorem
1368 793 1414 834 in
1436 794 1478 833 se

85 860 345 911 habentem,
378 859 450 914 qui
470 861 624 901 aestate
642 860 824 915 quidem
846 861 1006 903 sudans
1035 869 1078 903 et
1097 861 1370 904 madefactus
1392 877 1478 903 ex-

84 927 299 971 trinsecus
324 928 464 984 Frigus
492 943 627 970 omne
645 944 727 985 per
749 943 911 985 corpus
933 931 1216 987 praebiturus
1248 934 1350 973 effet
1371 947 1478 988 pro-

84 996 251 1053 prium,
286 997 432 1038 hieme
451 1004 600 1038 autem
627 997 763 1052 frigus
779 998 824 1038 in
843 1000 964 1040 hunc
989 999 1138 1056 ignem
1153 1000 1377 1041 ‘invadens
1397 1016 1478 1041 ex-

83 1066 295 1110 trinsecus
327 1072 369 1105 et
401 1063 724 1107 circumfusum
758 1066 859 1107 satis
885 1071 987 1109 effet
1006 1083 1031 1109 a
1052 1070 1095 1110 se
1116 1070 1475 1126 propulsaturus⁴

83 1133 195 1175 haec
214 1135 408 1189 spectans
431 1131 465 1173 is
489 1132 565 1188 qui
584 1149 664 1175 nos
689 1135 819 1176 finxit
846 1150 949 1177 cuin
972 1151 1088 1192 aqua
1112 1145 1154 1178 et
1174 1139 1273 1193 igne
1288 1146 1331 1179 et
1351 1146 1474 1180 terra

82 1202 201 1244 inter
225 1202 269 1242 se
287 1200 439 1242 mixtis
466 1209 508 1241 et
530 1201 807 1250 concinnatis
828 1201 1104 1247 fermentum
1118 1220 1175 1246 ex
1196 1206 1321 1247 acido
1345 1207 1476 1248 etsal·

82 1271 126 1311 so
157 1270 447 1326 compositum
490 1272 758 1324 temperavit
794 1286 1069 1327 carnemque
1108 1273 1320 1317 conflavit
1361 1276 1478 1317 succi

80 1340 263 1397 plenam
287 1353 337 1380 ac
361 1337 571 1386 mollen13
612 1352 855 1379 nervorum
877 1348 1030 1381 autem
1058 1351 1268 1385 naturam
1293 1359 1348 1385 ex
1380 1346 1476 1386 offis

83 1416 126 1448 et
149 1405 292 1449 carnis
315 1421 406 1447 non
428 1404 724 1448 fermentatae
749 1409 1103 1464 temperatione.
1135 1426 1270 1453 unam
1300 1427 1358 1453 ex
1384 1428 1476 1454 am-

82 1476 224 1518 bobus
247 1475 293 1516 vi
316 1473 508 1516 mediam
531 1474 824 1525 commiscuit,
849 1475 1016 1517 flavum
1034 1478 1228 1521 colorem
1249 1481 1476 1523 aohibens.

83 1544 203 1587 unde
230 1543 522 1585 intentiorem
551 1550 593 1583 et
614 1544 890 1584 tenaciorem
920 1545 1130 1587 carnibus
1152 1555 1196 1589 et
1219 1551 1477 1592 molliorem

81 1613 242 1657 offibus
258 1620 405 1667 *atque
425 1611 725 1652 humidiorem
748 1613 865 1653 nacti
887 1614 991 1653 sunt
1010 1612 1100 1654 vim
1127 1616 1280 1668 nervi:
1313 1619 1476 1672 quibus

81 1680 465 1737 comprehendens
478 1678 587 1720 deus
599 1682 687 1721 offa
697 1687 740 1720 et
754 1680 1014 1732 medullam,
1029 1696 1167 1738 quum
1183 1686 1334 1726 nervis
1346 1701 1398 1727 ea
1409 1686 1475 1728 in-

82 1751 202 1792 terse
215 1746 639 1804 colligaffet‚deinde
651 1748 857 1788 carnibus
870 1749 1019 1790 omnia
1041 1750 1115 1792 illa
1135 1751 1475 1809 operuitsuper-

80 1834 153 1864 ne.
166 1831 478 1873 quaecumque
490 1831 595 1857 vero
611 1819 697 1857 ossa
720 1816 919 1858 maxime
933 1819 1126 1860 animata
1149 1824 1475 1878 erant‚paucis-

83 1887 200 1929 fimis
230 1886 440 1941 consepfit
463 1884 686 1937 carnibus,
707 1898 821 1939 quae
838 1892 988 1927 autem
1009 1888 1207 1930 maxime
1230 1887 1476 1934 inanimata

79 1955 299 2010 intus,plu
309 1954 433 1994 rimis
447 1967 498 1993 ac
518 1951 778 1995 denfiffimis.
800 1961 932 2006 atque
944 1955 1075 1996 etiam
1094 1957 1387 2001 commissuris
1409 1959 1473 2000 os-

81 2025 209 2071 fium,
223 2023 299 2064 nifi
314 2022 391 2062 ubi
410 2021 701 2062 necessitatem
716 2020 912 2076 aliquam
926 2022 1038 2064 ratio
1052 2024 1303 2067 ostendebat
1312 2042 1473 2071 earum

81 2090 449 2142 adiiciendarum,
480 2105 644 2146 paucas
664 2103 818 2131 earnes
845 2091 1064 2146 apposuit,
1094 2101 1143 2134 ut
1165 2108 1312 2148 neque
1328 2095 1473 2170 impe-

83 2162 230 2204 dirent
266 2159 481 2201 flexiones
517 2158 732 2211 tardaque
769 2158 931 2200 reddei
935 2168 1013 2201 ent
1049 2176 1238 2218 cor-poia
1253 2194 1264 2212 ‚
1302 2164 1473 2222 quippe

83 2245 194 2288 quae
218 2227 393 2270 difficile
424 2227 509 2267 [ese
530 2235 625 2268 tum
652 2235 834 2268 motura
854 2230 1009 2281 effe-nt,
1039 2246 1185 2306 neque
1204 2231 1337 2274 etiam
1356 2235 1473 2276 mul-

82 2305 154 2338 tae
177 2304 219 2337 et
237 2296 396 2337 densae
408 2296 629 2350 firmeque
653 2295 771 2336 intel
783 2296 828 2335 se
847 2283 1158 2353 constipatae,¹
1149 2313 1202 2357 pr
1206 2308 1328 2356 opte1
1342 2302 1473 2346 duri-

83 2366 193 2408 tiam
216 2365 435 2422 stupoiem
459 2364 730 2415 inficientes,
762 2365 1029 2406 memoriam
1053 2366 1305 2423 mentisque
1322 2369 1470 2414 aciem

83 2432 467 2491 praestringerent.
515 2434 722 2488 quocirca
755 2433 930 2475 femora
955 2441 997 2475 et
1022 2435 1159 2477 tibiae
1187 2444 1231 2477 et
1248 2452 1470 2482 coxarum

83 2509 246 2543 natura
282 2507 322 2541 et
355 2499 643 2541 brachiorum
665 2502 1012 2556 cubitorumque
1045 2505 1130 2544 ossa
1155 2513 1198 2546 et
1220 2521 1470 2563 quaecum-

84 2585 171 2625 que
192 2569 279 2610 alia
301 2568 345 2609 in
377 2568 500 2609 nobis
529 2568 723 2610 articulis
756 2578 909 2610 carent
937 2571 1175 2626 omniaque
1203 2588 1318 2628 quae
1348 2575 1469 2617 intus

84 2642 169 2681 ossa
198 2647 386 2694 propter
411 2635 550 2677 animi
586 2636 874 2693 exiguitatem
904 2637 951 2680 in
981 2640 1178 2682 medulla
1211 2656 1348 2684 vacua
1365 2643 1494 2685 sunt-
