1657 2876
580 123 913 170 TIMAEUS.
1360 125 1440 168 153

177 243 333 300 Quum
356 253 463 282 vero
485 237 661 280 moveri
687 253 737 280 ac
757 237 906 279 vivere
925 239 1303 283 animadvertisset
1324 240 1442 283 sem-

60 310 342 369 piternorum
374 309 558 350 deorum
583 306 865 348 fimulacrum
894 306 1104 362 *genitum
1127 317 1253 364 pater
1272 318 1311 350 et
1335 324 1444 367 pro·-

63 388 259 427 creator,
292 377 533 419 oblectatus
561 376 618 416 est
638 373 889 430 laetitiaque
913 373 1095 415 aflectus
1115 376 1244 418 etiam
1270 377 1446 419 fimilius

62 447 266 505 cogitavit
298 444 541 501 exemplari
575 442 761 485 efficere.
796 442 1176 498 quemadmodum
1200 443 1336 498 igitur
1360 445 1447 486 hoc

62 524 158 558 erat
182 515 380 557 animans
402 511 719 568 sempiternus,
742 511 804 552 ita
826 511 958 552 etiam
977 510 1096 553 hanc
1118 512 1446 555 universitatem

62 600 145 641 pro
174 581 340 625 viribus
369 588 550 622 conatus
581 582 638 622 est
668 581 800 622 talem
830 579 1065 621 absolvere.
1097 579 1185 621 iam
1209 579 1450 622 animantis

62 652 240 709 quidem
273 657 431 691 natura
465 656 561 690 erat
589 657 793 702 aeterna3
823 649 906 690 hoc
937 655 1086 690 autem
1119 647 1158 688 ei
1188 648 1303 705 quod
1337 664 1450 705 pro-

63 727 260 763 creatum
293 726 386 760 erat
415 718 598 774 prorsus
633 717 812 773 adiungi
842 732 934 759 non
966 723 1165 774 poterat3
1209 718 1450 773 imaginem

59 789 198 845 igitur
226 786 435 844 cogitavit
466 786 678 828 mobilem
709 787 933 842 quandam
963 784 1239 828 aeternitatis
1267 784 1450 840 fingere,

60 858 279 911 fimulque
296 855 468 897 caelum
491 854 699 896 ordinans
725 854 830 897 facit
853 855 1072 897 manentis
1104 852 1374 895 aeternitatis
1404 852 1453 893 in

62 942 154 969 uno
187 933 416 967 aeternam
445 922 687 978 imaginem
713 937 826 978 quae
850 938 1043 965 numero
1077 923 1300 970 volvitur,
1332 922 1453 978 quod

64 994 246 1051 quidem
279 1001 456 1048 tempus
493 991 843 1034 nominavimus.
885 992 977 1033 dies
1008 991 1126 1033 enim
1157 999 1199 1033 et
1226 998 1379 1032 noctes
1409 996 1456 1030 et:

62 1064 234 1106 menses
254 1069 295 1103 et
316 1060 422 1102 anni
442 1074 580 1115 quum
603 1068 703 1101 ante
723 1061 891 1102 caelum
916 1067 1202 1116 procreatum
1222 1075 1310 1101 non
1339 1057 1457 1100 fuis-

64 1133 181 1178 sent,
213 1133 310 1171 tum
333 1129 458 1170 fimul
484 1142 586 1169 cum
606 1127 724 1169 illius
760 1128 1083 1169 constructione
1116 1142 1272 1168 eorum
1302 1134 1456 1168 ortum

61 1198 357 1242 machinatur.
390 1196 500 1236 haec
524 1202 673 1236 autem
700 1196 852 1237 omnia
882 1203 1028 1253 partes
1052 1197 1266 1251 temporis
1289 1204 1332 1237 et
1356 1203 1456 1238 erac

62 1270 92 1311 fi
122 1267 308 1309 dicimus
341 1272 385 1305 et
418 1264 531 1314 erit,
574 1264 784 1320 temporis
817 1271 1079 1320 procreatae
1118 1263 1303 1320 species,
1345 1276 1455 1318 quas

63 1336 243 1393 quidem
258 1332 486 1376 inscientes
510 1330 821 1373 transferimus
847 1333 891 1373 in
906 1333 1221 1388 sempiternam
1247 1339 1458 1373 naturam

66 1404 185 1447 haud
208 1409 356 1453 recte3
388 1401 575 1444 dicimus
599 1400 808 1442 videlicet
834 1415 932 1442 eam
953 1398 1079 1442 fuisse
1104 1408 1146 1441 et
1167 1404 1250 1443 effe
1271 1407 1315 1441 et
1334 1399 1456 1442 futu-

67 1487 165 1516 ram
198 1474 302 1519 esse,
333 1484 470 1524 quum
492 1466 578 1528 effe
606 1476 782 1509 tantum
813 1484 866 1509 ex
896 1484 1005 1511 vera
1034 1468 1207 1511 ratione
1227 1468 1267 1510 ei
1289 1483 1459 1509 conve—-

69 1542 184 1587 niat,
207 1535 351 1598 suiffe
372 1546 520 1579 autem
555 1545 598 1578 et
615 1535 727 1595 fore
756 1538 802 1579 in
831 1552 882 1578 eo
913 1537 1151 1579 dicendum
1182 1538 1231 1578 fit
1258 1537 1379 1592 quod
1411 1537 1459 1578 in

71 1617 270 1665 tempore
291 1615 439 1648 ortum
463 1605 802 1661 progrediatur3
828 1614 976 1647 motus
999 1605 1118 1646 enim
1144 1605 1325 1660 utrique
1342 1606 1458 1655 sunt,

67 1677 113 1719 id
139 1691 244 1717 vero
268 1675 385 1730 quod
408 1676 582 1731 semper
602 1688 693 1715 uno
715 1681 759 1714 et
783 1674 937 1715 eodem
961 1675 1068 1715 flatu
1091 1680 1133 1713 et
1154 1672 1382 1715 immobile
1402 1674 1460 1714 est

69 1759 215 1799 neque
235 1742 462 1798 antiquius
494 1758 638 1798 neque
660 1742 879 1784 recentius
905 1743 1042 1798 potest
1063 1741 1158 1785 fieri
1176 1757 1257 1799 per
1281 1750 1459 1793 tempus

69 1826 217 1868 neque
236 1811 402 1854 factum
424 1814 506 1853 esse
524 1811 764 1866 aliquando
794 1825 937 1866 neque
956 1825 1074 1852 nunc
1104 1808 1303 1866 primum
1329 1810 1461 1851 exsti-

72 1883 165 1925 tiffe
188 1895 333 1936 neque
351 1879 398 1921 in
423 1881 646 1936 posterum
668 1880 874 1922 futurum
903 1882 984 1921 effe
1006 1892 1150 1933 neque
1182 1877 1367 1919 omnino
1390 1892 1460 1919 eo-

72 1965 174 1994 rum
200 1949 440 2004 quicquam
464 1949 508 1990 in
528 1949 673 2006 ipsum
700 1948 818 1990 cadit
839 1961 1146 2005 quaecumque
1180 1953 1302 1987 ortus
1326 1946 1461 1988 rebus

74 2018 213 2060 sensui
239 2017 573 2060 obversantibus
600 2017 834 2070 adiunxit,
864 2017 933 2059 sed
965 2016 1177 2074 temporis
1200 2015 1283 2056 hae
1313 2022 1462 2057 aeter-

73 2088 259 2130 nitatem
278 2085 491 2128 imitantis
515 2094 558 2126 et
576 2101 768 2127 numero
789 2088 831 2127 se
851 2085 1066 2128 volventis
1089 2083 1351 2126 exstiterunt
1371 2082 1462 2125 for-

74 2171 190 2198 mae.
233 2163 275 2196 et
311 2162 541 2212 praeterea
575 2170 748 2212 quoque
785 2156 914 2197 haec:
959 2155 1128 2197 iactum
1159 2151 1245 2212 effe
1278 2150 1463 2201 factum,

78 2224 190 2279 quod
212 2223 290 2265 fiat
310 2222 397 2282 effe
418 2222 462 2264 id
484 2224 603 2279 quod
623 2223 719 2275 fiat,
750 2240 886 2282 porro
916 2222 1122 2264 futurum
1145 2220 1230 2279 effe
1254 2219 1462 2262 futurum

79 2300 124 2332 et
143 2292 258 2347 quod
279 2307 367 2334 non
390 2293 438 2333 s1t
456 2293 498 2334 id
526 2290 612 2351 effe
639 2293 754 2348 quod
774 2309 863 2335 non
885 2295 955 2334 fit:
988 2306 1179 2346 quorum
1197 2290 1305 2332 nihil
1328 2303 1467 2332 accu-

78 2367 176 2402 rate
205 2359 404 2401 dicimus,
455 2359 510 2401 de
542 2361 610 2402 his
641 2368 791 2402 autem
831 2361 1009 2403 forsitan
1042 2374 1250 2417 praesens
1284 2358 1464 2415 tempus·

78 2427 199 2470 haud
224 2440 528 2485 opportunum
552 2428 692 2470 fuerit
719 2428 968 2484 diligentius
994 2443 1231 2485 exponere.

195 2498 394 2554 Tempus
417 2496 554 2551 igitur
575 2511 665 2538 una
691 2512 790 2540 cum
817 2499 931 2539 caelo
966 2495 1129 2539 sactum
1152 2498 1228 2549 est,
1259 2502 1310 2537 ut
1335 2493 1464 2536 fimul

82 2571 180 2607 orta
207 2565 330 2605 fimul
358 2565 489 2606 etiam
512 2565 832 2619 dissolvantur,
866 2568 891 2608 fi
913 2564 1090 2621 quando
1122 2578 1277 2607 eorum
1305 2562 1462 2603 solutio

83 2641 298 2676 eventura
320 2633 381 2688 fit,
406 2641 448 2675 et
470 2632 523 2674 ad
548 2633 776 2691 exemplar
799 2641 1003 2677 aeternae
1024 2642 1225 2686 naturae,
1254 2641 1305 2675 ut
1326 2646 1462 2687 quam
