1657 2876
577 107 909 153 TIMAEUS.
1349 110 1429 154 125

56 241 142 271 nec
164 223 447 269 seditionibus
473 220 655 276 aliisque
683 221 810 262 malis
841 235 954 277 quae
981 231 1214 279 repererat
1240 224 1332 266 huc
1352 238 1432 265 re-

56 295 206 337 versus
226 301 396 334 coactus
420 289 565 332 fuiffet
592 304 687 331 eam
712 289 957 345 negligere,
986 306 1084 332 mea
1115 294 1293 347 quidem
1328 294 1431 334 sen-

57 363 194 404 tentia
211 374 355 416 neque
373 358 581 400 Hesiodus
602 373 745 414 neque
765 358 984 400 Homerus
1016 373 1161 412 neque
1183 361 1295 402 alius
1315 361 1430 402 ullus

56 432 290 487 poetarum
322 425 510 468 nobilior
551 441 765 481 umquam
797 426 890 484 ipso
919 428 1123 469 evafiffet.
1193 428 1431 484 Quaenam

56 507 152 542 erat
172 494 365 540 narratio
391 494 489 545 itta,
520 494 690 550 inquit,
722 494 892 537 Critia?
921 495 1044 537 Facti
1065 495 1250 544 summi,
1267 496 1430 551 inquit,

54 567 243 622 iureque
281 562 602 605 celebratissimi
641 563 865 615 omnium,
910 564 1025 618 quod
1056 563 1162 605 haec
1195 562 1297 603 urbs
1328 565 1433 618 ges-

54 636 125 683 fit,
163 634 266 674 licet
298 631 354 672 ob
384 638 637 687 temporum
683 631 1049 687 longinquitatem
1084 645 1327 684 eorumque
1355 629 1433 685 qui

51 702 95 744 id
117 704 336 758 geffeiunt
363 699 597 741 interitum
627 699 721 739 eius
752 698 872 740 fama
894 715 1030 755 usque
1055 700 1111 741 ad
1143 702 1228 741 lioc
1250 710 1429 754 tempus

52 785 145 812 non
167 768 409 811 duraverit.
438 769 521 809 Dic
552 767 605 808 ab
629 767 774 815 initio,
802 767 968 822 inquit,
999 768 1105 824 quid
1136 776 1178 809 et
1205 766 1431 824 quomodo

53 845 96 880 et
116 853 140 879 a
167 836 431 892 quibusnam
455 835 591 879 Solon
618 836 842 878 audiverit
862 844 904 877 et
923 836 1143 878 retulerit.

165 907 236 948 h'st
258 906 473 961 quaedam
499 904 544 946 in
568 905 796 960 Aegypto,
824 904 995 960 inquit,
1016 904 1063 946 in
1081 904 1232 952 Delta,
1262 902 1433 945 circum

53 974 168 1031 quod
194 974 243 1015 in
265 974 433 1015 vertice
452 972 662 1014 scinditur
684 973 769 1015 Nli
793 972 982 1022 fluvius,
1013 973 1175 1016 Saitica
1207 987 1321 1028 quae
1348 985 1435 1029 ap·-

51 1046 244 1101 pellatiii·
285 1040 592 1099 praefectura,
631 1041 855 1095 huiusque
884 1041 1194 1097 praefecturae
1232 1040 1435 1083 maxima

50 1111 161 1152 urbs
187 1109 305 1162 Sais,
339 1108 458 1150 unde
492 1109 623 1150 etiam
646 1110 805 1150 Amatis
839 1118 933 1149 erat
955 1125 1059 1152 rex:
1098 1111 1225 1152 cuius
1252 1109 1436 1165 quidem

50 1178 175 1221 urbis
196 1176 303 1218 deus
324 1177 501 1232 quidam
522 1177 725 1218 conditor
747 1178 815 1228 est,
830 1176 883 1218 ab
895 1177 1120 1234 Aegyptiis
1134 1175 1436 1224 dictusNeith‚

50 1262 77 1289 a
103 1246 283 1289 Graecis
306 1260 432 1296 vem,
467 1253 513 1285 ut
535 1245 594 1286 illi
620 1245 820 1294 tradunt,
854 1245 1050 1291 Athene;
1082 1245 1324 1287 admodum
1350 1259 1435 1286 au-

51 1322 143 1356 tem
184 1312 523 1355 Atheniensibus
567 1312 732 1354 amicos
767 1320 810 1352 et
854 1313 1184 1367 quodammodo
1226 1321 1435 1370 cognatos

49 1381 229 1425 hiscere
251 1380 402 1423 dicunt
422 1384 516 1423 effe.
550 1395 637 1436 qno
668 1380 847 1437 quidem
871 1382 1007 1423 Solon
1034 1383 1078 1422 se
1102 1382 1302 1424 narravit
1325 1395 1437 1437 pro-

51 1451 218 1493 fecium
242 1465 402 1506 niagno
433 1450 550 1507 apud
570 1465 642 1490 eos
669 1449 715 1489 iii
752 1449 918 1491 honore
948 1450 1096 1503 fuiffe,
1127 1458 1263 1505 atque
1285 1448 1435 1498 etiam,

51 1534 191 1574 quum
220 1534 289 1559 res
319 1518 519 1576 pristinas
551 1518 816 1572 quaesivisset
849 1533 904 1559 ex
933 1519 994 1560 eis
1028 1518 1326 1560 sacerdotibus
1358 1515 1438 1572 qui

55 1589 207 1629 talium
243 1587 483 1642 peritissimi
520 1585 713 1633 fuissent,
756 1587 1083 1643 propemodum
1114 1589 1201 1628 sese
1229 1586 1438 1644 reperiffe

51 1671 199 1711 neque
229 1656 273 1695 se
305 1655 443 1711 ipsum
468 1668 610 1708 neque
627 1653 762 1694 alium
786 1667 920 1708 quem
944 1656 1169 1698 Graecum
1201 1656 1271 1695 vel
1302 1653 1438 1694 mini-

51 1740 173 1768 mam
195 1724 356 1764 harum
379 1737 534 1763 rerum
557 1720 755 1762 notitiam
773 1721 1020 1764 habentem.
1036 1731 1170 1778 atque
1193 1720 1437 1777 aliquando

57 1806 197 1847 quum
224 1807 296 1832 eos
316 1790 503 1832 incitare
526 1789 726 1830 voluiffet
746 1799 794 1831 ut
819 1791 873 1831 de
905 1792 1037 1833 rebus
1056 1790 1246 1847 antiquis
1278 1805 1440 1831 narra-

52 1868 176 1910 rent,
208 1859 262 1900 de
283 1857 587 1913 antiquissimis
611 1856 772 1898 horum
798 1858 921 1899 factis
944 1860 985 1899 se
1011 1874 1194 1901 narrare
1219 1858 1438 1915 incepisse,

53 1928 106 1969 de
136 1928 365 1968 Phoroneo
395 1926 541 1982 primo
574 1924 689 1966 dicto
726 1934 769 1966 et
795 1926 960 1979 Niobe,
991 1935 1036 1969 et
1065 1931 1156 1984 post
1182 1928 1440 1969 eluvionem

53 1995 108 2037 de
139 1994 410 2038 Deucalione
431 2002 474 2035 et
495 1993 671 2050 Pyrrha
690 1995 912 2048 quomodo
945 1997 1160 2038 evaserint
1181 1995 1438 2047 disseruiffe,

54 2078 206 2105 eorum
229 2063 405 2118 stirpem
418 2067 692 2105 enumerasse
714 2072 756 2105 et
779 2080 917 2106 annos
929 2071 1034 2119 quot
1049 2064 1210 2121 cuique
1231 2063 1440 2120 contigis-

52 2132 147 2172 sent
166 2146 322 2173 eorum
355 2132 409 2173 de
431 2130 588 2187 quibus
618 2140 869 2188 exponeret
893 2140 1103 2175 conatum
1135 2135 1177 2174 se
1208 2136 1290 2176 effe
1311 2147 1440 2175 com-

53 2205 376 2241 memorantem
400 2208 602 2255 tempora
624 2205 897 2250 numerasse3
931 2209 1029 2243 tum
1064 2201 1255 2256 aliquem
1289 2200 1442 2244 dixiffe

55 2281 78 2307 e
111 2267 406 2308 sacerdotibus
434 2275 578 2309 aetate
605 2268 734 2309 valde
768 2278 1058 2326 provectum:
1101 2272 1140 2311 O
1165 2270 1323 2322 Solon,
1356 2270 1440 2313 So-

54 2335 153 2387 lon,
187 2335 347 2377 Graeci
381 2337 556 2393 semper
593 2337 723 2393 pueri
753 2338 870 2390 estis,
913 2341 1045 2380 senex
1077 2338 1354 2381 Graecorum
1384 2339 1442 2381 est

54 2405 216 2445 nullus.
278 2404 406 2460 Quae
430 2418 568 2459 quum
602 2406 857 2455 audivisset,
894 2406 1135 2463 Quomodo
1159 2417 1202 2449 et
1230 2408 1332 2464 quid
1357 2407 1443 2448 hoc

59 2472 198 2513 dicis?
229 2472 270 2512 se.
292 2473 584 2527 interrogasse.
646 2475 832 2515 Iuvenes
858 2475 973 2525 estis,
1004 2475 1133 2518 illum
1163 2476 1440 2534 respondisse,

58 2541 109 2581 ad
131 2539 302 2581 animos
330 2555 508 2589 omnes3
541 2541 708 2584 nullam
734 2542 852 2582 enim
880 2542 926 2583 in
956 2542 1024 2583 liis
1052 2543 1221 2585 habetis
1243 2560 1297 2586 ex
1326 2543 1442 2585 anti-

57 2622 146 2664 qua
178 2609 410 2650 auditione
450 2616 651 2652 veterem
680 2610 944 2654 sententiam
982 2626 1127 2669 neque
1167 2612 1440 2670 disciplinam
