1657 2876
586 95 915 140 TIMAEUS.
1368 97 1445 141 151

60 212 133 254 sed
156 219 365 269 quattuor
385 220 429 253 et
447 210 566 252 inter
590 208 632 248 se
650 207 849 265 dispares
872 217 914 250 et
936 209 1158 254 disfimiles
1178 211 1314 255 trium
1339 211 1446 255 reli-

61 296 277 336 quorum,
309 279 480 322 ratione
501 284 652 318 autem
684 284 729 318 et
751 292 941 320 numero
964 279 1006 319 se
1025 289 1273 322 moventes.

175 418 387 461 Animum
410 413 545 469 igitur
564 427 706 468 quum
731 414 891 455 mundi
911 423 1172 470 procreator
1190 429 1242 456 ex
1267 419 1446 459 senten-

64 487 122 528 tia
157 493 301 527 totum
330 481 655 537 construxisset,
688 491 784 525 tum
812 482 1006 538 denique
1039 497 1172 524 omne
1205 484 1320 539 quod
1351 493 1446 527 erat

63 566 327 609 corporeum
346 551 466 593 intra
493 550 621 593 illum
641 550 778 593 finxit
806 558 848 593 et
867 551 1065 593 medium
1097 551 1244 593 medio
1266 567 1445 594 accom-

59 622 244 665 modans
267 618 505 677 copulavit.
536 619 611 661 ille
632 635 740 662 vero
766 635 792 661 a
813 619 961 661 medio
984 618 1037 660 ad
1061 626 1313 662 extremum
1341 635 1445 662 cae-

58 691 152 731 lum
174 695 377 730 extentus
394 695 436 729 et
458 687 506 728 in
526 687 681 729 orbem
706 687 975 730 extrinsecus
996 687 1037 729 ei
1061 687 1356 730 circumfusus
1377 690 1445 730 se-

61 772 146 814 que
173 756 221 798 in
249 756 404 813 seipso
435 756 634 809 versans,
666 756 874 798 divinum
904 755 1081 798 initium
1117 755 1248 797 duxit
1279 756 1445 812 sempi-

58 835 211 868 ternae
241 832 284 866 et
305 822 514 879 sapientis
543 823 661 864 vitae
684 823 733 865 in
757 825 1018 866 universum
1044 832 1237 881 tempus.
1277 832 1320 866 et
1341 839 1446 866 cor-

59 909 142 950 pus
162 890 344 948 quidem
358 892 466 933 caeli
484 891 776 949 adspectabile
790 891 1000 934 effectum
1020 894 1090 945 est,
1104 893 1275 935 animus
1293 901 1446 935 autem

60 961 292 1003 oculorum
325 959 540 1016 effugiens
585 960 791 1001 obtutum
822 968 866 1002 et
894 961 1078 1003 rationis
1115 969 1445 1016 concentusque

60 1045 255 1085 compos,
269 1029 324 1069 ab
344 1027 514 1084 optimo
536 1044 694 1070 eorum
724 1029 798 1085 qui
820 1028 896 1070 sub
918 1029 1258 1086 inteiligentiam
1283 1029 1448 1071 cadunt

61 1106 103 1140 et
123 1097 382 1152 sempiterni
404 1098 505 1138 sunt
528 1098 724 1154 optimus
744 1106 1002 1153 procreatus
1029 1114 1085 1140 ex
1105 1100 1166 1140 eis
1196 1113 1309 1154 quae
1331 1111 1445 1153 pro-

59 1173 206 1209 creata
224 1166 338 1205 sunt.
371 1165 535 1221 quippe
556 1181 612 1206 ex
632 1166 786 1207 eadem
807 1167 1038 1221 alteraque
1058 1175 1219 1208 natura
1239 1174 1280 1206 et
1302 1172 1447 1206 mate-

58 1235 150 1282 ria,
182 1233 252 1275 his
286 1231 427 1275 tribus
455 1233 657 1288 partibus
674 1267 685 1284 ‚
718 1240 986 1291 temperatus
1010 1241 1054 1275 et
1083 1234 1255 1275 ratione
1279 1245 1448 1273 nume-

58 1317 204 1358 roque
225 1300 489 1344 distributus
510 1317 560 1343 ac
581 1301 755 1342 vinctus
775 1301 908 1356 seque
928 1301 1019 1358 ipse
1039 1301 1084 1343 in
1106 1303 1148 1341 se
1169 1299 1445 1350 conversans,

59 1385 201 1428 quum
218 1369 395 1424 attingit
415 1369 583 1423 aliquid
607 1369 727 1424 quod
742 1377 952 1411 naturam
978 1369 1111 1411 habet
1130 1369 1326 1419 divisam,
1339 1381 1448 1408 rur-

59 1442 222 1494 susque
241 1437 363 1492 quod
384 1437 684 1487 individuam,
706 1437 813 1479 dicit
828 1439 966 1494 perse
984 1438 1129 1495 ipsum
1154 1444 1300 1479 totum
1321 1450 1447 1476 com-

57 1513 232 1555 motus,
263 1504 335 1546 cui
363 1505 469 1561 quid
492 1505 609 1546 idem
635 1507 683 1546 fit
707 1513 749 1546 et
776 1521 801 1547 a
832 1520 921 1560 quo
946 1505 1198 1558 diversum,
1235 1513 1277 1547 et
1306 1518 1448 1561 quor-

58 1577 154 1616 sum
178 1574 374 1615 maxime
395 1581 439 1614 et
459 1589 546 1629 quo
578 1574 673 1614 loco
697 1581 773 1614 aut
802 1575 938 1615 modo
968 1583 1047 1617 ant
1077 1583 1281 1631 tempore
1311 1571 1447 1628 quid-

61 1659 147 1699 que
176 1642 231 1684 ad
264 1641 459 1697 quidque
489 1656 645 1683 eorum
678 1655 790 1696 quae
812 1642 926 1684 fiunt
948 1651 994 1684 et
1021 1658 1177 1685 eorum
1204 1654 1318 1696 quae
1345 1640 1448 1681 sunt

59 1714 235 1770 semper
255 1711 409 1752 eadem
428 1710 574 1765 aliquo
597 1711 729 1751 modo
752 1711 793 1751 se
815 1710 979 1752 habeat
1009 1720 1052 1752 et
1082 1710 1312 1753 afficiatur.
1352 1709 1448 1751 ser-

58 1796 136 1824 mo
156 1787 304 1822 autem
327 1793 483 1829 verus,
515 1778 592 1832 qui
612 1779 659 1818 in
679 1793 731 1819 eo
758 1778 874 1833 quod
892 1780 1067 1836 semper
1098 1780 1154 1818 est
1181 1778 1301 1819 idem
1334 1783 1377 1817 et
1397 1775 1446 1817 in

18 1875 23 1879 ἡ
60 1849 200 1891 altero
233 1848 437 1889 versatur
469 1853 512 1887 et
534 1847 581 1886 in
611 1861 662 1887 eo
686 1847 805 1901 quod
833 1862 858 1888 a
876 1845 1088 1902 seipsum
1117 1853 1329 1887 movetur
1357 1844 1448 1884 fine

60 1932 173 1959 voce
191 1916 338 1958 fertur
356 1923 485 1970 atque
506 1915 635 1967 sono,
666 1930 809 1969 quum
836 1914 881 1955 id
906 1914 1082 1970 attingit
1104 1914 1222 1970 quod
1246 1912 1321 1953 sub
1339 1913 1444 1953 sen-

61 1987 158 2028 sum
180 1984 298 2027 cadit
319 1991 362 2025 et
379 1983 500 2024 orbis
527 1983 704 2025 alterius
723 1983 897 2037 generis
924 1990 1044 2024 recta
1063 1981 1308 2040 procedens
1336 1978 1444 2020 uni-

61 2055 189 2097 verso
212 2053 305 2095 eius
326 2052 476 2094 animo
497 2051 763 2102 denunciat,
791 2058 884 2093 tum
906 2051 1137 2109 opiniones
1162 2050 1442 2093 assensiones·

65 2137 150 2178 que
175 2121 333 2164 firmae
354 2134 577 2175 veraeque
599 2120 856 2176 gignuntur,
872 2135 1011 2175 quum
1034 2128 1185 2162 contra
1207 2119 1254 2159 in
1270 2133 1323 2159 eo,
1340 2132 1440 2158 ver-

62 2190 172 2232 titur
200 2189 322 2245 quod
355 2189 515 2230 mentis
546 2197 588 2230 et
622 2189 803 2231 rationis
835 2190 890 2230 cst
913 2189 1152 2246 particeps,
1184 2195 1227 2229 et
1253 2194 1442 2229 naturae

65 2258 262 2300 eiusdem
283 2256 400 2300 orbis
420 2256 628 2299 volubilis
650 2256 693 2298 id
717 2256 931 2310 declarat,
968 2258 1082 2299 ratio
1102 2264 1145 2298 et
1162 2255 1336 2300 scientia
1356 2270 1440 2296 ne-

65 2325 242 2367 cessario
262 2324 515 2367 absolvitur.
547 2325 631 2368 hoc
650 2332 798 2367 autem
823 2325 869 2366 in
887 2341 976 2382 quo
999 2325 1046 2366 hi
1075 2326 1161 2369 duo
1185 2325 1390 2368 exsistunt
1411 2324 1440 2364 fi

64 2393 164 2450 quis
183 2392 301 2435 aliud
321 2393 425 2448 quid
455 2408 589 2449 quam
610 2394 811 2438 animum
835 2394 1144 2453 appellaverit,
1175 2393 1325 2438 omnia
1347 2407 1438 2437 ma·

65 2461 132 2519 gis
152 2475 287 2519 quam
308 2475 466 2505 verum
491 2462 669 2507 dixerit.
