1657 2876
588 108 888 154 —POLITIA
927 110 985 154 X.
1402 111 1486 155 105

110 231 329 274 virtutem
347 227 573 283 adeptum.
596 223 784 266 omnino
804 223 938 265 etiam
959 238 1049 266 non
1061 225 1288 282 pauciores
1308 227 1391 268 esse
1409 225 1489 281 qui

111 299 196 342 hac
220 299 267 340 in
292 296 417 340 causa
437 291 882 348 deprehenderentur
910 305 966 333 ex
989 290 1039 332 iis
1069 294 1146 347 qui
1167 310 1190 334 e
1219 295 1341 336 caelo
1370 294 1492 336 veni·

111 375 232 420 rent,
274 364 437 420 quippe
467 359 543 417 qui
569 376 885 404 aerumnarum
916 359 1117 417 imperiti
1147 366 1304 413 effent;
1336 377 1494 405 eorum

113 443 266 478 contra
297 431 375 487 qui
395 445 418 471 e
439 437 562 471 terra
597 430 826 481 venirent,
867 428 1108 485 plurimos,
1150 431 1315 487 quippe
1348 433 1421 487 qni
1452 440 1496 474 et

110 503 191 559 ipsi
219 500 390 543 labores
422 498 718 540 exanclaflent
749 506 795 540 et
825 497 932 540 alios
967 497 1194 551 vidifl'ent,
1236 514 1324 541 non
1350 501 1494 543 subito

112 569 349 613 electiones
376 565 534 610 facere.
584 567 791 622 quocirca
821 565 955 608 etiam
985 568 1318 609 conversionem
1351 571 1496 612 malo-

112 652 215 680 rum
236 643 280 677 et
304 635 527 677 bonorum
556 635 758 692 plurimis
781 634 937 676 animis
968 635 1248 691 contingere,
1281 638 1496 694 simulque

111 711 297 765 propter
325 704 491 746 sortem
521 704 776 752 fortuitam3
809 718 1083 760 quamquam
1114 706 1143 746 fi
1178 705 1278 759 quis
1306 707 1496 763 semper,

112 772 476 829 quotiescumque
505 772 623 814 hanc
653 772 700 812 in
730 771 873 814 vitam
903 772 1104 822 venerit,
1153 788 1262 814 vere
1301 774 1500 830 philoso-

111 842 280 900 phetur
300 849 344 882 et
364 842 457 882 sors
486 841 524 882 ei
556 839 783 882 electionis
806 855 896 882 non
922 842 1141 897 postrema
1170 842 1319 894 cadat,
1353 858 1408 884 ex
1438 843 1500 884 eis

113 925 229 967 quae
247 910 354 952 inde
376 910 637 951 renunciata
659 910 762 949 sunt
782 909 989 951 videatur
1013 925 1104 951 non
1130 910 1273 952 solum
1303 910 1375 953 hic
1395 912 1503 953 bea-

114 987 187 1021 tus
206 978 487 1030 fore,verum
503 978 637 1018 etiam
650 976 757 1018 hinc
776 977 885 1018 illuc
900 985 943 1018 et
963 978 1053 1018 huc
1066 980 1219 1021 rursus
1239 979 1356 1020 viam
1381 979 1502 1021 haud

114 1048 368 1090 terrestrem
408 1053 449 1086 et
475 1047 680 1102 asperam
703 1044 902 1100 ingredi,
934 1046 1004 1086 sed
1026 1046 1175 1087 lenem
1196 1055 1238 1088 et
1257 1048 1500 1090 caelestem.

114 1116 200 1158 hoc
222 1115 341 1156 enim
370 1113 483 1154 dixit
512 1113 817 1168 spectaculum
850 1113 1033 1168 dignuin
1067 1118 1148 1156 effe
1180 1114 1300 1169 quod
1324 1115 1506 1157 videre-

115 1192 211 1235 tur,
243 1181 466 1237 quomodo
489 1180 627 1221 animi
650 1181 804 1236 singuli
832 1181 1051 1235 elegissent
1082 1183 1224 1230 vitas;
1255 1184 1506 1226 miserabile

118 1251 240 1295 enim
277 1253 361 1293 efl'e
403 1249 456 1290 ad
486 1249 744 1303 adspectum
781 1255 825 1288 et
862 1249 1103 1291 ridiculum
1136 1257 1178 1290 et
1218 1250 1506 1305 admirabile3

117 1335 204 1378 pro
232 1317 553 1361 consuetudine
581 1315 699 1357 enim
732 1314 894 1372 prioris
927 1317 1042 1358 vitae
1069 1332 1124 1359 ex
1158 1318 1354 1360 maxima
1381 1328 1509 1376 parte

118 1404 192 1430 eos
212 1387 390 1443 eligere.
409 1385 573 1427 etenim
592 1386 635 1425 se
654 1383 810 1426 vidisse
820 1386 1022 1427 narravit
1041 1386 1243 1427 animum
1266 1387 1342 1442 qui
1363 1402 1510 1444 quon-

120 1457 221 1499 dam
255 1454 427 1510 Orphei
454 1453 600 1496 sufflet
626 1452 754 1509 cycni
776 1453 915 1494 vitam
947 1454 1178 1511 eligentem
1208 1455 1310 1496 odio
1345 1457 1512 1498 mulie—

118 1525 211 1567 bris
235 1525 386 1575 sexus,
418 1530 606 1579 propter
625 1530 821 1563 mortem
846 1522 899 1564 ab
919 1522 1005 1564 illis
1028 1522 1196 1564 illatam
1214 1523 1438 1566 nolentem
1463 1526 1513 1567 in

120 1592 311 1636 muliere
334 1598 622 1648 procreatum
644 1590 784 1642 nasci3
816 1591 969 1632 vidisse
990 1605 1125 1647 porro
1136 1590 1394 1648 Thamyrae
1413 1594 1515 1636 ani-

121 1675 251 1704 mum
274 1657 495 1700 lusciniae
518 1658 657 1699 vitam
686 1657 950 1713 eligentem3
980 1658 1133 1699 vidisse
1164 1658 1294 1701 etiam
1321 1675 1515 1717 cycnum

123 1729 179 1772 ad
203 1728 424 1769 humanae
458 1726 577 1767 vitae
612 1726 874 1768 electionem
909 1727 950 1767 sc-
973 1733 1333 1778 convertentem,
1365 1737 1407 1771 et
1431 1729 1517 1771 alia

122 1796 368 1840 animantia
397 1796 559 1836 musica
589 1794 773 1844 itidem,
804 1801 854 1834 ut
879 1795 1224 1835 consentaneum
1260 1796 1375 1838 esset.
1417 1798 1518 1839 ani-

123 1880 249 1908 mum
277 1878 387 1905 vero
427 1862 551 1903 cuius
592 1863 683 1903 sors
717 1861 946 1904 excidisset
984 1863 1124 1903 leonis
1155 1862 1324 1918 elegifle
1352 1865 1517 1918 vitam3

123 1932 251 1976 iuiffe
272 1939 419 1973 autem
446 1930 563 1972 hunc
584 1930 728 1972 Aiacis
749 1930 1007 1973 Telamonis
1030 1930 1132 1983 filii,
1164 1929 1410 1985 fugientem
1434 1933 1521 1975 ho·-

126 2000 257 2044 minis
278 1999 434 2048 vitam,
457 2012 709 2041 memorem
723 2013 955 2041 armorum
976 1999 1148 2041 iudicii.
1169 2000 1392 2055 posthunc
1413 2017 1520 2043 vero

126 2067 500 2124 ,Agamemnonis3
533 2069 633 2110 odio
656 2068 778 2109 huuc
799 2083 975 2124 quoque
997 2068 1183 2109 humani
1214 2069 1388 2123 generis
1412 2085 1522 2126 pro-

127 2144 229 2194 pter
260 2136 378 2177 mala
406 2150 521 2192 quae
557 2137 596 2178 ei
627 2135 878 2178 accidissent
911 2135 1085 2192 aquilae
1121 2137 1340 2192 sumpsisse
1368 2137 1519 2181 vitam.

129 2205 357 2248 Atalantes
379 2219 486 2245 vero
509 2204 708 2246 animum
725 2236 736 2257 ⁷
764 2205 890 2247 cuius
912 2206 1005 2246 sors
1031 2203 1078 2244 in
1098 2203 1255 2244 mediis
1286 2205 1528 2256 excidisset,

131 2287 274 2328 quum
312 2287 496 2328 magnos
526 2273 713 2314 athletae
748 2272 833 2314 viri
865 2272 1154 2330 conspexisset
1178 2271 1391 2324 honores,
1432 2288 1526 2315 non

131 2342 315 2398 potuiffe
346 2340 613 2397 praeterii-e,
645 2341 717 2382 sed
752 2341 986 2399 sumpsisse.
1030 2340 1121 2397 post
1150 2340 1272 2382 hunc
1301 2348 1450 2383 autem
1485 2342 1528 2381 se

136 2408 414 2465 vidiffeEpei
428 2408 624 2467 Panopei
651 2409 853 2452 animum
876 2411 920 2453 in
944 2406 1205 2451 artificiosae
1226 2409 1426 2452 mulieris
1448 2410 1530 2451 ab·

139 2484 321 2519 euntem
350 2483 587 2531 naturam3
629 2479 786 2535 procul
816 2487 964 2520 autem
1009 2475 1056 2517 in
1089 2476 1258 2518 ultimis
1299 2479 1342 2519 se
1379 2479 1531 2520 vidiffe

142 2544 355 2587 Thermis
376 2543 554 2586 scurrae
567 2546 771 2588 animum
793 2548 942 2590 suniae
956 2545 1142 2602 speciem
1158 2546 1232 2586 fibi
1253 2545 1529 2588 induentem.

147 2611 294 2656 Ulixis
318 2627 428 2657 vero
451 2613 676 2667 animum,
708 2614 833 2657 cuius
850 2614 940 2658 sors
970 2614 1069 2657 casu
1093 2613 1296 2657 omnium
1318 2617 1534 2672 postrema
