1657 2876
565 169 861 215 POLITIA
889 172 974 215 IX.
1400 171 1453 217 '53

73 307 180 337 vere
212 286 455 346 superum?
502 285 861 343 Haudquaquam
895 286 1070 337 hercle,
1110 287 1280 346 inquit,
1326 287 1453 331 aliter

74 362 233 419 opinor
260 359 375 399 hunc
406 358 488 397 effe
511 354 817 410 opinaturum.
876 354 936 397 At
963 357 1138 405 rursus„
1171 358 1385 413 inquam,
1424 358 1454 399 fi

69 431 242 473 feratur
254 425 478 467 deorsum,
492 423 699 464 deorsum
714 423 1000 479 opinaturum
1017 426 1097 466 esse
1110 425 1151 464 se
1164 425 1267 467 ferri
1282 435 1321 468 et
1335 433 1454 469 recte

70 492 390 553 opinaturum?
404 490 782 548 QuidtiiYNonne
798 491 906 533 haec
926 491 964 531 ei
977 492 1335 534 accidantomnia
1350 509 1454 550 pro-

66 573 218 621 pterea
254 562 373 616 quod
410 559 639 616 imperit-us
670 561 718 600 fit
750 559 836 601 loci
866 575 975 602 vere
1000 561 1145 617 superi
1179 568 1222 601 et
1248 561 1384 603 medii
1413 570 1456 604 et

66 631 235 675 inferi?
270 631 390 671 Patet
420 643 538 669 verO.
597 626 848 668 Admireris
879 627 1015 684 igitur
1045 631 1070 670 fi
1102 629 1233 670 etiam
1258 630 1456 686 imperiti

64 700 264 740 veritatis
288 713 427 750 quum
457 697 512 737 de
544 695 694 736 multis
715 696 808 737 aliis
840 696 968 738 salsas
992 697 1222 755 opiniones
1245 697 1454 751 habeant,

65 775 163 810 tuni
183 768 314 807 etiam
331 766 384 807 de
407 765 638 820 voluptate
657 764 861 805 etdolore
874 773 917 805 et
941 779 992 805 eo
1014 765 1132 820 quod
1147 766 1456 808 interutrum-

66 851 154 891 que
189 835 470 876 interiectum
501 834 557 874 est
587 832 647 873 ita
666 831 857 874 sentiant
881 840 955 885 ut,
995 848 1135 888 quum
1158 834 1211 875 ad
1235 833 1452 876 acerbum

66 903 290 949 ferantur,
326 917 433 945 vere
454 900 699 957 opinentur
718 908 761 941 et
780 902 931 956 reapse
952 901 1154 952 doleant,
1187 916 1324 958 quum
1347 916 1456 943 vero

66 987 93 1014 a
115 971 268 1013 dolore
297 971 350 1012 ad
385 971 601 1021 inedium,
642 968 886 1011 admodum
919 970 1096 1024 quidem
1126 970 1372 1013 existiment
1399 969 1457 1011 ad

66 1039 373 1096 expletionem
403 1046 446 1079 et
470 1038 749 1095 voluptatem
782 1039 825 1078 se
854 1039 1119 1094 pervenisse,
1160 1038 1256 1091 sed,
1294 1052 1457 1094 quem-

65 1107 310 1149 admodum
345 1108 420 1161 qui
457 1107 581 1148 iuxta
616 1107 795 1160 nigrum
831 1108 1024 1150 colorem
1055 1107 1229 1150 fuscum
1251 1107 1458 1162 espectent

63 1173 262 1230 imperiti
284 1172 399 1225 albi,
432 1174 494 1214 ita
525 1175 655 1215 etiam
677 1175 802 1216 iuxta
834 1174 1002 1217 doloris
1024 1176 1293 1218 vacuitatem
1327 1175 1457 1217 dolo-

63 1257 160 1287 rem
186 1243 430 1297 spectantes
450 1253 635 1299 propter
663 1243 902 1298 voluptatis
925 1244 1198 1301 imperitiam
1227 1241 1457 1298 decipian-

63 1311 169 1352 tur?
204 1311 558 1365 Haudquaquam
583 1311 749 1365 hercle,
778 1312 944 1366 inquit,
977 1312 1190 1360 admirer,
1221 1310 1292 1352 sed
1314 1311 1456 1352 multo

64 1379 206 1435 magis
233 1381 260 1420 fi
283 1395 371 1420 non
395 1381 454 1420 ita
486 1380 527 1420 se
554 1379 730 1421 habeat.
788 1381 852 1422 lta
873 1389 1017 1433 certe,
1056 1381 1268 1436 inquam,
1309 1380 1457 1421 confi-

64 1451 193 1492 dei-a:
236 1464 386 1492 nonne
418 1447 558 1490 {ames
587 1457 631 1489 et
655 1449 739 1490 fitis
771 1458 814 1490 et
843 1450 929 1490 alia
962 1449 1155 1490 eiusdem
1176 1448 1346 1504 generis
1374 1463 1457 1489 ex-

62 1519 203 1563 hausti
234 1520 334 1560 sunt
364 1517 562 1573 corporis
596 1516 802 1558 habitus?
846 1517 1053 1574 Quidni?
1089 1518 1260 1559 Inscitia
1282 1531 1393 1558 vero
1412 1522 1458 1557 et

63 1587 318 1643 insipientia
357 1599 507 1627 nonne
548 1585 743 1626 exhausti
773 1586 874 1626 sunt
905 1584 1045 1627 animi
1073 1584 1285 1627 habitus?
1340 1585 1457 1628 Sane

65 1656 265 1711 quidem.
323 1655 482 1697 Nonne.
504 1653 708 1708 expletur
729 1661 821 1694 tam
849 1654 925 1709 qui
952 1654 1274 1695 nutrimentum
1296 1652 1458 1709 accipit

65 1738 201 1779 quam
226 1722 303 1776 qui
326 1721 662 1775 intelligentiam
693 1720 970 1775 assequitur?
1008 1720 1215 1777 Quidni?
1255 1721 1456 1778 Repletio

64 1799 211 1832 autem
238 1805 345 1831 num
364 1790 516 1828 verior
541 1789 596 1828 est
619 1803 695 1841 per
717 1790 759 1829 id
782 1789 899 1843 quod
917 1789 1064 1830 minus
1089 1804 1147 1829 an
1166 1804 1247 1845 per
1267 1790 1312 1831 id
1336 1789 1458 1845 quod

64 1859 203 1913 magis
229 1859 318 1899 est‘?
353 1857 474 1898 Patet
492 1871 574 1912 per
596 1856 635 1895 id
656 1856 772 1908 quod
794 1858 934 1910 magis
955 1857 1023 1897 est.
1056 1856 1163 1897 Utra
1181 1858 1269 1900 iam
1294 1873 1456 1914 genera

63 1927 206 1982 magis
228 1927 375 1969 censes
410 1923 761 1981 puramrhabere
790 1933 1023 1977 naturam,
1065 1924 1243 1978 cibum,
1280 1932 1455 1983 potum,

65 1994 297 2051 opsonium
320 1995 668 2048 universumque
689 1993 1033 2043 nutrimentum,
1058 2008 1113 2034 an
1134 1993 1357 2050 opinionis
1378 2008 1458 2034 ve·-

63 2077 142 2104 rae
163 2062 350 2117 speciem
375 2071 418 2103 et
439 2062 649 2103 scientiae
671 2069 714 2102 et
743 2062 1058 2118 intelligentiae
1079 2070 1123 2103 et
1142 2060 1325 2103 omnino
1351 2063 1457 2103 uni-

64 2130 220 2172 versae
255 2130 469 2171 virtutis?
506 2132 559 2171 fic
589 2145 698 2171 vero
726 2131 898 2172 iudica:
940 2137 1093 2171 utrum
1126 2130 1170 2172 id
1203 2129 1320 2182 quod
1351 2146 1456 2172 cum

65 2198 239 2255 semper
261 2199 385 2240 simili
415 2199 702 2240 coniunctum
726 2200 784 2240 est
807 2207 849 2240 et
878 2213 981 2240 cum
1003 2199 1244 2240 immortali
1267 2207 1311 2240 et
1330 2201 1457 2242 veri-

65 2273 183 2316 tate,
214 2267 449 2324 ipsumque
469 2270 551 2308 tale
575 2268 633 2308 est
660 2275 701 2307 et
720 2267 764 2308 in
788 2265 864 2307 tali
898 2266 1074 2317 exsistit,
1105 2267 1245 2322 magis
1267 2271 1350 2311 effe
1377 2268 1456 2311 tibi

65 2333 277 2385 videtur,
327 2350 382 2376 an
418 2335 458 2375 id
490 2335 607 2389 quod
637 2350 737 2375 cum
779 2344 940 2376 natura
967 2349 1212 2390 numquam
1244 2337 1368 2378 fimili
1412 2344 1458 2379 et

63 2402 244 2445 mortali
268 2405 550 2445 coniunctum
574 2404 809 2459 ipsumque
833 2405 921 2444 tale
945 2403 1002 2443 est
1025 2409 1068 2443 et
1088 2402 1133 2444 in
1168 2404 1241 2445 tali
1269 2405 1456 2447 exsistit?

63 2470 241 2525 Longe,
289 2470 457 2526 inquit„
498 2473 684 2527 praestat
716 2471 757 2512 id
795 2472 914 2525 quod
951 2487 1052 2514 cum
1085 2479 1246 2514 natura
1276 2473 1456 2530 semper

63 2538 189 2581 simili
229 2539 522 2580 coniunctum
566 2541 636 2580 est.
705 2541 897 2582 Naturae
927 2540 1062 2596 igitur
1100 2542 1275 2597 semper
1308 2541 1454 2584 similis

65 2606 242 2648 essentia
274 2622 378 2649 num
409 2607 545 2663 magis
575 2609 781 2649 essentiae
812 2608 1030 2667 particeps
1064 2609 1121 2649 est
1145 2623 1281 2663 quam
1313 2609 1454 2650 scien-

65 2673 181 2718 tiae?
232 2675 418 2719 Minime
452 2690 573 2719 vero.
633 2676 783 2734 Quid,
830 2690 963 2732 quam
1005 2676 1238 2721 veritatis?
1278 2676 1343 2717 Ne
1368 2676 1453 2719 hoc

125 2744 238 2786 Tom.
275 2743 327 2786 If.
1143 2745 1178 2786 C
