1657 2876
645 103 990 152 TIMAEUS.
1427 112 1508 156 115

125 240 272 281 neque
304 228 538 280 argentum
568 232 715 274 neque
746 219 880 261 aliam
910 234 1124 277 umquam
1159 237 1255 265 rem
1287 225 1361 273 fibi
1389 229 1509 284 'pro-

124 297 270 353 priam
294 294 456 335 debere
476 289 745 336 existimare,
777 287 846 328 sed
870 303 954 345 pro
979 288 1252 333 adiutoribus
1273 295 1315 334 se
1345 295 1510 338 habere

124 361 374 406 mercedem
399 357 716 416 accipientibus
736 356 952 398 custodiae
971 355 1026 397 ab
1051 357 1111 398 eis
1146 373 1256 412 quos
1279 363 1511 407 servarent

124 437 291 487 quanta
317 426 672 485 temperantibus
697 425 799 468 satis
828 427 950 475 effet3
983 426 1184 482 sumptus
1212 426 1360 472 facere
1383 449 1512 476 com-

122 500 320 542 munitet
351 504 396 537 et
424 497 517 538 vita
544 497 757 551 victuque
782 493 1015 536 communi
1048 493 1160 543 frui,
1196 511 1348 538 curam
1378 502 1512 543 adhi-
1547 536 1553 541 ,

123 567 275 609 bentes
297 565 351 606 de
373 565 538 607 virtute
559 578 897 623 usquequaque,
923 561 1108 619 reliquis
1131 578 1238 607 vero
1259 566 1407 610 studiis
1429 586 1510 614 va·-

121 641 284 677 cantes.

233 725 304 769 Τι’.
336 725 456 769 Haec
476 740 653 782 quoque
672 725 734 768 ita
753 724 1020 767 dicebamus.

232 818 290 860 So
338 820 483 874 Atque
506 818 637 860 etiam
670 819 725 860 de
743 815 1001 860 mulieribus
1022 817 1394 870 memoravimus,
1425 836 1512 863 na·-

120 894 244 929 turas
266 901 418 928 earum
442 890 524 928 effe
546 887 705 928 similes
730 887 931 926 virorum
956 893 1142 927 naturae
1165 888 1512 944 concinnandas,

121 964 164 996 et
184 954 321 996 studia
343 956 490 996 omnia
515 954 774 997 communia
795 962 886 996 tam
907 954 958 995 ad
984 954 1144 996 bellum
1171 969 1304 1011 quam
1331 957 1386 998 ad
1404 958 1513 1005 reli-3

120 1038 260 1080 quum
290 1025 459 1065 victum
491 1025 732 1080 spectantia
763 1022 1050 1065 attribuenda
1071 1026 1153 1065 esse
1171 1025 1394 1068 omnibus.

239 1092 310 1134 Ti.
340 1094 405 1134 Ita
426 1092 534 1133 haec
562 1107 740 1149 quoque
761 1092 874 1134 dicta
895 1092 1009 1133 sunt.

237 1183 311 1224 So.
345 1183 466 1239 Quid
499 1199 608 1224 vero
634 1185 688 1224 de
711 1183 926 1223 librorum
961 1185 1307 1238 procreatione?
1336 1201 1393 1226 an
1421 1185 1510 1228 hoc

119 1248 300 1305 quidem
319 1258 506 1308 propter
531 1250 811 1292 insolentiam
832 1250 1051 1292 diciorum
1068 1252 1198 1294 facile
1212 1253 1431 1294 memoria
1450 1261 1512 1294 te-

118 1327 253 1360 netur
274 1333 536 1360 communes
557 1335 636 1361 nos
656 1318 832 1375 nuptias
853 1317 1102 1374 liberosque
1120 1320 1329 1362 omnibus
1354 1336 1513 1364 omnes

118 1387 335 1444 posuisse,
368 1387 409 1428 id
435 1397 614 1439 agentes
639 1396 687 1429 ut
716 1387 866 1428 nullus
891 1401 1101 1443 umquam
1131 1389 1254 1431 suam
1278 1391 1512 1447 propriam

118 1456 294 1512 prolem
316 1457 611 1511 cognosceret,
644 1456 712 1497 sed
739 1469 892 1497 omnes
913 1464 1093 1498 cunctos
1117 1457 1412 1500 existimarent
1431 1475 1512 1501 co·-

122 1532 280 1579 gnatos
296 1558 306 1575 ,
347 1525 521 1565 sorores
559 1523 740 1574 quidem
775 1533 817 1566 et
856 1523 1041 1577 fratres,
1084 1526 1355 1581 quicumque
1390 1527 1513 1570 intra

122 1592 464 1633 convenientem
491 1600 680 1633 aetatem
707 1593 1019 1649 gignerentur,
1050 1601 1161 1634 natu
1192 1608 1296 1635 vero
1318 1596 1512 1638 maiores

120 1675 171 1702 ac
206 1661 457 1718 superiores
493 1669 698 1716 parentes
735 1668 1062 1718 parentumque
1102 1662 1427 1717 progenitores,
1468 1672 1512 1706 et

119 1736 262 1770 aetate
280 1727 517 1770 inferiores
535 1731 728 1785 posteros
750 1730 948 1785 filiosque
971 1729 1277 1784 posterorum?

238 1818 306 1861 Τι’.
340 1819 475 1870 Vero,
498 1817 630 1860 etiam
652 1819 759 1862 haec
779 1820 910 1862 facile
930 1820 1149 1861 memoria
1168 1826 1383 1863 tenentur
1403 1836 1511 1879 quo-

119 1886 253 1928 modo
277 1886 399 1928 dicis.

234 1965 305 2008 So.
341 1965 399 2007 Ut
433 1974 580 2009 autem
611 1981 745 2023 quani
784 1969 952 2022 poss'ent
982 1969 1141 2026 optimi
1178 1975 1338 2011 natura
1370 1970 1512 2013 statim

121 2035 432 2084 nascerentur,
465 2050 615 2076 nonne
636 2051 715 2077 nos
741 2037 1025 2078 meminimus
1057 2037 1208 2079 dixiffe
1236 2038 1514 2093 gubernato-

119 2117 190 2144 res
226 2111 269 2143 et
296 2103 630 2158 gubernatrices
664 2113 873 2160 oportere
913 2106 966 2147 ad
1002 2105 1177 2162 nuptias
1208 2106 1510 2150 conciliandas

120 2171 234 2213 clam
263 2171 510 2213 machinari
539 2172 728 2213 sortibus
760 2173 1021 2230 quibusdam
1054 2181 1103 2215 ut
1130 2173 1235 2215 mali
1270 2175 1510 2230 separatim

119 2246 165 2278 et
198 2238 299 2282 boni
338 2255 438 2281 cum
469 2240 679 2281 fimilibus
711 2242 891 2296 utrique
927 2243 1080 2283 sortito
1121 2253 1508 2297 compararentur,

121 2314 187 2351 et,
219 2322 273 2348 ne
294 2307 546 2348 inimicitias
571 2317 808 2366 propterea
832 2312 1126 2369 susciperent,
1153 2311 1298 2353 casum
1318 2327 1403 2369 pro
1422 2312 1509 2355 hu-

118 2373 186 2414 ius
207 2375 545 2431 comparationis
567 2378 695 2419 causa
715 2379 943 2421 haberent.-

237 2464 304 2508 Ti.
336 2465 624 2508 Meminimus
647 2483 770 2514 vero.

232 2556 303 2598 So.
336 2555 483 2611 Atque
511 2556 642 2599 etiam
673 2574 752 2601 nos
788 2560 938 2603 dixiffe
966 2560 1185 2605 bonorum
1214 2564 1385 2620 prolem
1421 2567 1504 2606 effe

77 2660 79 2662 .
121 2623 419 2679 educandam,
452 2624 610 2671 vilium
630 2636 780 2675 autem
800 2629 847 2672 in
877 2630 1093 2687 reliquam
1128 2632 1356 2674 civitatem
1385 2631 1499 2674 clam

1123 2700 1165 2743 1⁴1
1200 2713 1222 2741 2
