1657 2876
659 101 997 145 TIMAEUS.
1435 101 1515 146 185

131 217 323 273 quodam
350 214 651 273 inexplicabili
685 223 726 255 et
755 214 1037 266 admirabili,
1071 230 1204 270 quem
1233 216 1336 258 alias
1368 217 1515 274 expli·-

130 284 343 327 oabimus.
374 284 421 326 in
449 283 700 340 praesentia
724 297 834 324 vero
863 289 1041 337 oportet
1070 283 1152 325 tria
1184 284 1304 326 statui
1338 299 1512 340 genera,

129 368 273 394 unum
296 353 411 409 quod
436 350 643 406 gignitur,
665 351 855 392 alterum
875 352 922 391 in
942 365 1030 406 quo
1047 350 1243 406 gignitur
1265 360 1306 392 «φῖ
1329 352 1512 394 tertium

129 420 174 462 id
193 434 251 462 cx
272 436 358 477 quo
382 422 633 476 expressum
656 419 845 461 nascitur
867 419 984 471 quod
998 419 1207 474 gignitur.
1231 427 1362 474 atque
1377 421 1511 461 ctiam

129 502 387 546 comparare
415 488 621 530 convenit
648 487 693 529 id
730 485 849 542 quod
877 486 1058 544 suscipit
1085 487 1244 535 matri,
1276 487 1320 528 id
1347 503 1399 528 ex
1423 502 1511 542 quo

128 556 360 613 suscipitur
389 557 526 613 patri,
561 564 602 598 et
631 564 839 598 naturam
871 555 986 597 inter
1022 555 1131 596 haec
1151 554 1344 598 mediam
1379 555 1510 611 proli,

127 623 410 677 cogitandum
440 632 589 665 autem
612 625 690 677 est,
721 625 749 665 fi
773 623 933 680 effigies
956 623 1109 666 sutura
1135 625 1181 665 fit
1213 624 1334 664 omni
1363 624 1512 664 varie-

126 698 216 731 tate
236 690 435 733 distincta
455 693 506 733 ad
530 693 782 748 adspectum
799 724 809 743 ‚
832 691 949 734 haud
974 692 1103 734 aliter
1122 692 1165 733 id
1191 693 1328 748 ipsum
1356 697 1396 732 in
1421 706 1508 746 quo

123 759 417 815 exprimenda
428 762 489 812 fit,
503 760 1148 817 benesorepraeparatum,nifi
1164 775 1357 801 vacuum
1373 758 1512 801 suerit

123 827 178 868 ab
205 828 413 870 omnibus
438 829 519 870 illis
548 828 705 871 formis
738 845 846 886 quas
875 828 1078 870 alicunde
1104 830 1148 869 fit
1169 829 1508 885 suscepturum;

122 910 226 936 nam
241 896 376 938 fimile
394 899 420 937 fi
440 890 576 939 'suerit
601 896 735 938 alicui
757 912 912 938 corum
928 895 1377 952 qimeingrediuntur,
1396 910 1508 936 con-

122 963 307 1005 trariam
325 965 594 1021 prorsusque
606 965 829 1006 diversam
852 973 1055 1006 naturam
1080 965 1257 1019 quando
1282 962 1505 1006 accesserit

120 1032 361 1089 suscipiens
383 1034 501 1074 male
524 1036 837 1090 expressurum
860 1035 920 1084 fit,
938 1035 1057 1075 suam
1080 1033 1224 1091 ipsum
1239 1033 1359 1074 simul
1375 1032 1509 1073 osten-

121 1100 229 1142 dens
252 1101 454 1155 speciem.
486 1102 694 1157 quocirca
718 1108 845 1142 extra
868 1117 1022 1143 omnes
1045 1110 1219 1159 oportet
1240 1101 1407 1143 formas
1426 1101 1509 1140 esse

118 1168 161 1208 id
183 1169 300 1223 quod
323 1170 473 1211 omnia
495 1169 542 1210 in
568 1171 608 1209 se
634 1177 918 1224 recepturum
941 1171 990 1210 fit
1009 1184 1189 1224 genera,
1213 1168 1509 1225 quemadmo-

118 1235 224 1278 dum
249 1237 324 1292 qui
345 1244 575 1292 unguenta
596 1236 709 1277 bene
732 1236 896 1277 olentia
923 1237 1160 1279 conficiunt
1178 1271 1188 1290 ‚
1221 1250 1277 1277 ex
1299 1243 1390 1276 arte
1409 1241 1509 1275 ante

119 1304 272 1345 omnia
295 1304 338 1344 id
366 1305 559 1361 spectant
577 1304 969 1361 uthumida,quae
984 1305 1142 1345 odores
1158 1312 1390 1361 acceptura
1412 1304 1507 1353 fint,

118 1385 253 1426 quam
290 1373 487 1414 maxime
514 1373 651 1413 odore
680 1388 817 1414 vacua
846 1371 1065 1425 essiciant3
1098 1379 1142 1413 et
1161 1372 1433 1427 quicumque
1460 1370 1507 1410 in

116 1440 168 1481 iis
191 1454 303 1497 quae
324 1441 478 1482 mollia
501 1441 605 1482 sunt
623 1440 792 1482 formas
812 1441 1070 1498 exprimere
1102 1439 1354 1491 instituunt,
1384 1437 1504 1494 figu-

118 1523 216 1549 ram
239 1509 425 1550 omnino
446 1509 619 1550 nullam
639 1508 918 1565 perspicuam
938 1509 1104 1551 subesse
1123 1510 1282 1561 sinunt,
1309 1508 1380 1549 sed
1402 1514 1507 1549 ante

119 1576 395 1634 expolientes
424 1591 557 1632 quam
594 1575 808 1618 levisfima
835 1577 911 1618 illa
941 1575 1153 1618 efficiunt.
1184 1575 1339 1617 eadem
1369 1573 1507 1630 igitur

118 1644 291 1686 ratione
323 1645 455 1685 ctiam
489 1643 529 1684 ei
560 1644 675 1700 quod
706 1659 862 1687 rerum
888 1645 1092 1686 omnium
1117 1658 1364 1699 earumque
1393 1656 1508 1697 quae

116 1714 291 1769 semper
309 1714 409 1754 suut
427 1712 472 1754 in
492 1714 535 1752 se
557 1720 700 1754 totum
721 1714 1040 1770 saepenumero
1063 1712 1292 1754 ssmulacra
1311 1711 1426 1752 bene
1449 1712 1508 1751 est

116 1788 431 1837 recepturum,
463 1788 591 1822 extra
613 1795 769 1822 omnes
796 1781 1006 1822 convenit
1030 1788 1191 1822 natura
1212 1779 1380 1821 formas
1407 1779 1503 1819 effe.

119 1848 327 1905 quocirca
349 1863 447 1889 cam
479 1862 593 1903 quae
623 1863 776 1889 rerum
797 1849 1048 1904 genitarum
1072 1862 1319 1904 earumque
1347 1846 1507 1902 adspe-

119 1917 347 1959 ctabilium
375 1916 647 1969 omninoque
670 1916 748 1957 sub
769 1917 914 1958 sensus
937 1916 1188 1958 cadentium
1204 1921 1348 1957 mater
1364 1914 1421 1954 est
1444 1919 1506 1955 at-

115 2000 200 2041 quc
232 1985 582 2042 receptaculum,
626 1999 773 2040 neque
803 1993 967 2027 terram
1000 1999 1147 2041 neque
1177 1984 1328 2026 aerem
1358 1995 1508 2036 neque

115 2055 265 2110 ignem
288 2068 434 2109 neque
451 2066 614 2107 aquam
635 2052 858 2105 dicamus,
887 2068 1033 2108 neque
1052 2067 1168 2109 quae
1192 2067 1248 2093 ex
1269 2051 1338 2092 his
1361 2063 1506 2105 neque

116 2138 140 2163 e
162 2122 320 2177 quibus
340 2121 448 2162 haec
467 2121 616 2174 genita
636 2122 765 2171 sunt,
799 2121 867 2162 sed
891 2121 1078 2178 speciem
1102 2120 1326 2177 quandam
1346 2117 1506 2161 oculo-

115 2205 216 2231 rum
238 2190 408 2232 seusum
429 2188 711 2243 effugientem
735 2188 1000 2245 formaeque
1017 2197 1263 2246 expertem,
1278 2190 1325 2230 in
1347 2188 1390 2229 se
1413 2201 1505 2228 om-

116 2258 191 2299 nia
210 2258 524 2314 recipientem,
555 2265 727 2313 partem
752 2273 861 2300 vero
883 2258 1059 2300 ratione
1091 2257 1283 2311 quadam
1308 2255 1506 2297 maxime

116 2325 421 2382 inexplicabili
467 2325 559 2366 eius
592 2325 833 2367 habentem
877 2325 996 2382 qnod
1033 2323 1205 2365 ratione
1241 2322 1505 2377 intelligitur

114 2400 418 2450 perceptuque
439 2393 746 2435 difficillimam
767 2396 795 2435 fi
816 2409 912 2436 eam
935 2392 1178 2435 dixerimus
1192 2423 1203 2444 ‚
1234 2390 1352 2432 haud
1379 2404 1506 2430 erra-

122 2461 331 2501 verimus.
362 2461 506 2515 quoad
530 2475 637 2502 vero
657 2475 712 2503 ex
735 2463 785 2504 iis
809 2478 923 2520 quae
948 2469 1051 2504 ante
1077 2460 1302 2519 posuimus
1333 2455 1505 2510 assequi

114 2531 342 2584 possumus
379 2529 471 2569 eius
502 2536 706 2569 naturam
725 2559 737 2576 ,
779 2530 841 2571 ita
871 2530 1104 2571 recti.{'fime
1141 2527 1303 2584 aliquis
1332 2523 1503 2575 dixerit,

117 2595 262 2651 ignem
289 2596 464 2655 semper
487 2595 813 2639 inflammatam
837 2597 932 2639 eius
951 2604 1128 2655 partem
1148 2596 1288 2640 videri
1303 2627 1316 2650 ,
1347 2593 1505 2636 made-
