1657 2876
574 120 903 168 TIMAEUS.
1353 127 1431 169 125

53 250 255 299 tempore
274 254 428 283 canam
449 238 604 279 ullam.
637 237 762 279 cuius
784 238 966 293 quidem
991 238 1054 280 rei
1084 241 1211 283 causa
1230 241 1340 283 haec
1360 243 1433 287 est.

52 304 184 356 multi
205 308 442 363 multisque
461 306 604 346 modis
623 306 828 348 interitus
840 305 1027 348 fuerunt
1049 308 1280 351 hominum
1298 319 1340 353 et
1356 309 1434 351 fu—

53 383 143 424 turi
165 382 279 426 sunt,
309 378 410 431 igne
436 375 618 429 quidem
644 383 689 416 et
705 388 818 430 aqua
844 375 1059 426 maximi,
1091 376 1437 422 innumerabili-

52 450 135 492 bus
162 462 268 490 vero
288 443 383 486 aliis
403 442 536 485 rebus
561 443 634 484 alii
655 443 895 485 breviores.
923 443 1086 484 etenim
1106 446 1238 486 etiam
1254 447 1297 487 id
1315 447 1436 502 quod

53 518 172 575 apud
202 529 281 557 vos
313 520 544 564 narratur,
575 512 905 555 Phaethontem
933 510 1045 554 Solis
1076 511 1220 556 filium
1252 514 1299 555 in
1327 531 1437 557 cur-

51 601 154 629 rum
176 580 316 640 patris
334 580 580 630 sublatum,
614 595 752 636 quum
777 595 867 621 non
894 580 1100 636 potuiffet
1126 581 1172 623 in
1202 582 1339 640 patris
1363 584 1436 625 via

51 668 154 696 eum
173 651 348 701 ducere,
361 658 539 691 terrena
560 650 754 691 exussisse
773 648 1007 705 ipsumque
1027 649 1116 691 ictu
1137 649 1338 692 fulminis
1357 652 1437 693 de-

49 721 315 774 flagrantem
353 720 569 769 interisse,
608 718 693 759 hoc
723 717 899 759 fabulae
925 716 1106 772 quidem
1138 719 1326 775 speciem
1350 721 1436 762 ha—

47 788 153 835 bens
186 787 405 837 traditur,
437 800 596 826 revera
628 793 779 828 autem
812 801 965 827 eorum
1001 800 1116 841 quae
1148 786 1314 829 circum
1342 795 1438 829 ter-

47 871 142 900 ram
163 864 206 897 et
229 856 274 897 in
299 854 419 895 caelo
452 852 664 895 feruntur
702 854 967 910 fignificatur
997 854 1229 897 declinatio
1263 863 1305 897 et
1338 856 1436 897 lon-

44 925 111 981 gis
150 933 411 980 temporum
447 921 696 964 intervallis
728 924 924 964 exfistens
957 938 1108 965 rerum
1147 931 1437 965 terrenarum

45 992 241 1035 multum
273 1006 354 1047 per
381 990 529 1044 ignem
557 989 794 1031 exstinctio.
829 998 924 1032 tum
946 1006 1054 1032 vero
1087 990 1359 1047 quicumque
1385 991 1438 1032 in

46 1061 276 1104 montibus
298 1058 494 1113 locisque
513 1059 636 1100 editis
663 1067 705 1099 et
724 1059 842 1100 siccis
862 1060 1066 1101 habitant
1085 1060 1225 1114 magis
1247 1065 1439 1116 pereunt:

47 1144 184 1186 quam
205 1128 238 1169 ii
259 1128 333 1182 qui
354 1126 516 1168 fluvios
540 1137 583 1168 et
601 1142 726 1168 mare
738 1128 967 1173 accolunt;
992 1128 1120 1168 nobis
1146 1137 1296 1169 autem
1309 1127 1437 1170 Nilus

47 1206 91 1239 et
122 1195 313 1252 reliquis·
328 1194 374 1235 in
394 1195 527 1236 rebus
542 1197 742 1237 servator
764 1203 915 1236 ettum
940 1209 1118 1250 quoque
1132 1211 1189 1237 ex
1211 1197 1295 1237 hac
1317 1196 1439 1239 diffi-

47 1266 209 1306 cultate
248 1277 329 1304 nos
371 1264 518 1305 servat
546 1256 757 1305 liberans.
801 1262 981 1317 quando
1023 1277 1129 1303 vero
1166 1265 1228 1306 dii
1269 1273 1438 1307 terram

46 1332 171 1390 aquis
194 1338 435 1388 purgantes
458 1330 748 1383 inundant,in
769 1329 992 1373 montibus
1011 1331 1193 1386 quidem
1217 1335 1441 1375 versantes

45 1402 282 1443 servantur
301 1401 482 1444 bubulci
505 1410 547 1442 et
570 1403 783 1457 pastores,
808 1398 989 1440 urbium
1013 1408 1161 1443 autem
1185 1404 1438 1443 vestrarum

44 1469 218 1511 incolae
239 1468 290 1509 ad
312 1481 435 1509 mare
457 1484 481 1509 a
495 1469 645 1510 fluviis
665 1467 898 1520 seruntur3
918 1467 962 1509 in
976 1467 1058 1510 hac
1079 1478 1232 1513 contra
1255 1470 1440 1526 regione

44 1551 190 1591 neque
216 1543 311 1577 tum
337 1552 481 1591 neque
509 1538 616 1580 alias
642 1537 831 1592 desuper
852 1536 898 1576 in
930 1551 1060 1592 agros
1095 1553 1209 1593 aqua
1238 1537 1442 1580 infundi-

44 1614 145 1656 tur,
176 1604 251 1644 sed
281 1604 335 1645 ab
358 1604 447 1645 imo
476 1613 639 1647 natura
665 1606 742 1646 sua
764 1604 963 1658 emergit.
995 1606 1157 1648 iccirco
1188 1607 1354 1662 hasque
1380 1605 1438 1646 ob

45 1673 195 1715 causas
217 1688 287 1713 res
309 1672 380 1713 hic
399 1674 593 1716 servatae
615 1673 827 1714 dicuntur
849 1674 1169 1716 vetustisfimae..
1190 1674 1344 1729 reapse
1357 1687 1440 1714 au-

44 1749 132 1783 tem
156 1755 225 1781 res
259 1741 316 1780 fic
346 1741 388 1781 se
419 1741 575 1782 habet:
616 1740 826 1782 omnibus
848 1739 896 1781 in
931 1741 1035 1783 locis
1065 1742 1140 1783 ubi
1172 1757 1263 1783 non
1293 1742 1440 1782 hiems

43 1809 181 1852 nimia
204 1816 283 1850 aut
304 1808 423 1849 calor
448 1817 596 1856 arcet,
628 1809 764 1850 modo
787 1809 907 1865 plus,
939 1810 1076 1850 modo
1094 1810 1243 1851 minus
1264 1811 1438 1867 semper:

44 1892 183 1933 genus
212 1877 269 1917 est
291 1875 550 1924 hominunm
579 1890 885 1932 quaecumque
911 1891 1020 1918 vero
1044 1879 1113 1919 vel
1129 1879 1247 1936 apud
1273 1893 1349 1920 vos
1367 1876 1442 1919 vel

44 1946 117 1987 hie
135 1945 209 1986 vel
230 1944 316 1986 alio
342 1943 389 1985 in
410 1944 508 1986 loco
530 1960 586 1986 ex
606 1945 667 1986 eis
691 1959 801 2000 quos
820 1944 978 1986 auditu
1010 1947 1200 2001 cognitos
1221 1946 1439 1988 habemus

42 2013 233 2072 pulchra
255 2014 324 2054 vel
345 2028 505 2070 magna
524 2014 593 2054 vel
613 2013 696 2054 alia
715 2028 799 2069 qua
811 2013 981 2056 ratione
998 2014 1176 2070 insignia
1189 2015 1308 2057 fac-‚ta
1322 2015 1440 2066 sunt,

45 2083 198 2124 omnia
232 2082 390 2124 litteris
426 2083 675 2138 consignata
694 2096 836 2136 usque
855 2097 880 2124 a
901 2081 1128 2125 veteribus
1161 2081 1439 2139 temporibus

44 2150 116 2191 hic
128 2151 282 2192 suntin
299 2150 470 2207 templis
482 2158 614 2205 atque
628 2152 900 2192 conservata.
917 2165 987 2193 res
1002 2159 1151 2193 autem
1169 2151 1287 2208 apud
1306 2165 1382 2192 vos
1394 2157 1440 2191 et

47 2219 243 2274 reliquos
264 2221 401 2275 gestae
413 2234 566 2261 recens
578 2220 843 2275 quandoque
855 2220 1131 2261 mandantur
1144 2217 1312 2276 scriptis
1336 2233 1439 2259 om-

45 2287 264 2342 nibusque
286 2288 344 2329 eis
357 2303 470 2345 quae
492 2289 677 2330 urbibus
699 2303 807 2345 opus
824 2290 936 2338 sunt,
955 2290 1196 2343 rursusque
1217 2288 1439 2336 consuetis

46 2355 139 2412 post
157 2354 282 2396 annis
305 2363 532 2411 tamquam
547 2357 729 2398 morbus
749 2357 916 2412 ingruit
936 2355 983 2397 in
1002 2372 1074 2398 eos
1093 2357 1179 2397 sese
1204 2354 1439 2397 effundens

44 2422 215 2465 flumen
228 2423 403 2464 caeleste
424 2432 465 2465 et
485 2438 543 2466 eis
556 2425 680 2466 vobis
695 2425 909 2480 relinquit
923 2425 996 2481 qui
1012 2425 1263 2466 litterarum
1282 2430 1327 2463 et
1349 2423 1440 2464 hu-

46 2491 271 2532 manitatis
283 2491 435 2547 inopes
448 2493 562 2543 sunt,
576 2501 626 2534 ut
640 2494 789 2534 rursus
811 2492 865 2534 ab
884 2493 1009 2534 initio
1023 2493 1148 2535 velut
1160 2493 1342 2534 iuvenes
1354 2506 1441 2532 ex-

48 2557 215 2612 sistatis,
246 2559 356 2601 nihil
387 2560 570 2602 seientes
601 2575 755 2604 rerum
778 2561 852 2603 hic
882 2569 924 2603 et
955 2561 1072 2619 apud
1106 2576 1181 2606 vos
1218 2562 1442 2618 gestarum
