1657 2876
638 195 672 238 C
687 196 884 239 nl'rlA
899 196 944 238 s,
1395 200 1476 258 507

94 327 119 352 a
150 310 336 368 privatis
368 308 565 352 dedicata
591 306 779 350 inerant.
823 307 939 350 circa
970 311 1190 366 templum
1221 311 1330 355 foris
1359 313 1479 356 ima-

93 380 216 436 gines
244 379 447 421 omnium
480 375 646 417 stabant
682 390 866 425 aureae,
907 378 1150 420 mulierum
1187 379 1478 438 ipsorumque

92 448 170 504 qui
196 462 219 488 a
240 447 391 488 decem
416 445 500 487 illis
520 444 699 499 regibus
729 443 815 485 orti
838 452 993 491 erant,
1027 454 1072 488 et
1103 447 1242 488 multa
1275 447 1362 490 alia
1397 449 1479 491 do-

92 515 217 558 naria
246 529 407 570 magna
440 527 597 569 regum
633 520 675 554 et
704 512 988 571 privatorum
1027 522 1118 557 tam
1152 530 1207 556 ex
1242 516 1336 573 ipsa
1366 519 1478 559 urbe

92 598 228 638 quam
249 582 446 624 externis
463 581 722 638 regionibus
744 580 906 636 quibus
929 581 1226 638 imperabant.
1267 599 1345 627 ara
1373 600 1479 627 ma·-

90 650 326 707 gnitudine
358 659 400 692 et
428 650 709 692 confectione
746 649 850 691 huic
895 653 1131 708 apparatui
1167 654 1477 710 respondebat,

90 722 287 775 itemque
313 719 434 774 regia
457 718 726 761 conveniens
745 725 839 760 erat
857 725 951 760 tam
973 719 1152 778 imperii
1177 722 1476 777 magnitudini

90 802 224 842 quam
263 786 420 843 templi
447 787 643 829 ornatui.
684 784 882 827 sontibus
912 801 1048 843 porro
1083 787 1352 841 utebantur,
1384 805 1476 832 uno

93 855 301 912 frigidae,
335 855 476 897 altero
505 854 673 898 calidae
698 868 858 910 aquae,
893 856 1180 913 copiofisfitne
1211 857 1474 912 fluentibus,

89 924 280 979 quorum
303 930 490 979 utraque
519 939 634 979 aqua
652 921 963 965 admirabilem
987 925 1038 966 ad
1074 926 1200 967 usum
1225 927 1479 969 amoenita-

91 1001 179 1033 tem
202 999 245 1032 et
267 991 513 1034 bonitatem
534 991 740 1034 habebat.
782 991 950 1032 circum
981 991 1062 1033 hos
1092 995 1334 1049 posuerant
1358 995 1478 1038 aedi-

29 1111 33 1117 ,
90 1059 189 1102 ficia
211 1060 481 1117 arboresque
506 1063 799 1103 conseverant
826 1059 951 1114 aquis
978 1063 1316 1115 convenientes,
1348 1071 1389 1105 et
1406 1078 1480 1105 re-

90 1130 320 1187 ceptacula
341 1143 520 1185 quoque
548 1128 633 1171 alia
659 1127 888 1179 subdialia,
919 1129 1005 1170 alia
1032 1129 1390 1181 hibernaralidis
1408 1132 1478 1173 la-

89 1197 340 1241 vationibus
370 1194 611 1239 servientia
641 1213 781 1253 eaque
812 1204 926 1239 tecta
955 1199 1243 1242 circumcirca
1264 1199 1477 1256 fecerant,

91 1267 288 1308 seorsum
317 1266 466 1321 regia,
498 1267 691 1308 seorsum
725 1265 896 1321 privata
914 1298 925 1317 ⁷
956 1275 1189 1324 praeterea
1214 1268 1476 1310 mulieribus

89 1335 175 1377 alia
198 1335 396 1389 itemque
417 1333 503 1375 alia
534 1334 658 1387 equis
684 1332 955 1387 reliquisque
979 1335 1200 1385 iumentis,
1227 1350 1478 1377 accommo-

88 1405 242 1445 datum
255 1400 417 1456 cuique
431 1409 638 1443 ornatum
654 1400 708 1439 tri
719 1400 1085 1456 buentes.aqua1n
1097 1419 1207 1446 vero
1220 1403 1478 1445 effluentem

90 1470 351 1514 derivabant
382 1468 429 1509 in
456 1468 654 1524 Neptuni
688 1469 864 1518 lucum,
904 1469 952 1509 in
986 1485 1075 1525 quo
1114 1471 1298 1514 arbores
1329 1472 1478 1514 variae

89 1538 467 1597 pulchritudinem
490 1545 530 1577 et
552 1536 834 1578 altitudinem
861 1536 1099 1579 mirificam
1119 1548 1309 1597 propter
1332 1549 1478 1583 terrae

91 1609 333 1651 bonitatem
360 1606 597 1650 habentes,
630 1603 739 1645 etin
771 1604 900 1645 orbes
929 1607 1167 1648 exteriores
1193 1622 1275 1665 per
1305 1609 1476 1650 canales

87 1679 211 1720 iuxta
237 1683 395 1732 pontes
420 1671 713 1714 deducebant.
756 1673 832 1714 ubi
857 1673 993 1714 multa
1030 1676 1196 1732 templa
1227 1676 1477 1718 multorum

88 1748 298 1796 deorum,
360 1742 490 1784 multi
531 1756 710 1797 quoque
747 1741 866 1783 horti
908 1749 953 1783 et
993 1744 1220 1799 gymnasia
1260 1746 1478 1786 exstructa

90 1823 240 1865 erant,
273 1813 358 1855 alia
380 1811 610 1861 virorum,
644 1810 730 1851 alia
753 1825 971 1865 equorum
997 1811 1193 1853 seorsum
1217 1812 1264 1854 in
1283 1820 1477 1869 utraque

88 1883 267 1925 orbium
294 1881 457 1933 insula,
489 1879 729 1936 praecipue
752 1894 861 1919 vero
884 1877 930 1918 iu
954 1878 1101 1919 media
1130 1879 1273 1922 insula
1303 1882 1478 1923 maiore

88 1951 308 1994 eximium
335 1948 396 1990 eis
425 1955 522 1989 erat
545 1961 765 2002 equorum
790 1945 1065 1987 curriculum
1081 1977 1093 1998 ,
1124 1947 1246 1990 stadii
1266 1950 1478 1994 latitudi-

87 2035 193 2062 nem
217 2017 410 2070 habens,
442 2015 762 2072 longitudinem
793 2029 898 2055 vero
929 2013 1047 2056 circa
1071 2014 1227 2058 orbem
1255 2025 1397 2060 totum
1419 2018 1477 2060 ad

89 2097 317 2131 certamen
339 2088 537 2142 equestre
558 2084 796 2126 demiffam.
839 2082 1075 2124 satellitum
1104 2083 1219 2126 circa
1236 2084 1344 2127 illud
1368 2085 1475 2128 hinc

87 2158 304 2213 illincque
333 2153 626 2197 habitationes
666 2159 791 2194 erant
821 2166 904 2208 pro
936 2151 1138 2207 ipsorum
1169 2167 1387 2205 numer03
1429 2162 1476 2198 et

87 2223 359 2269 fidelioribus
378 2222 555 2278 quidem
577 2221 623 2263 in
645 2220 820 2263 minore
851 2218 959 2261 orbe
989 2234 1130 2275 eoque
1158 2223 1372 2278 propiore
1395 2238 1475 2264 ar·-

89 2309 186 2336 ccm
215 2293 338 2335 statio
370 2299 467 2333 erat
494 2291 719 2347 disposita,
751 2288 958 2344 quivero
982 2303 1136 2330 omnes
1166 2288 1254 2331 fide
1277 2293 1473 2347 praesta-

89 2362 223 2410 bant,
254 2360 307 2402 iis
330 2359 446 2401 intra
469 2375 616 2402 arcem
641 2359 757 2400 circa
776 2370 902 2411 reges
922 2357 1034 2415 ipsos
1055 2357 1158 2399 data
1177 2367 1304 2401 erant
1322 2359 1473 2401 domi-

91 2430 203 2472 cilia.
250 2427 425 2470 navalia
454 2427 714 2471 triremibus
739 2424 903 2467 referta
939 2434 1067 2468 erant
1095 2428 1388 2484 omnibusque
1414 2427 1471 2470 ad

90 2497 293 2541 triremes
313 2495 641 2554 pertinentibus
670 2494 989 2547 instrumentis,
1020 2509 1136 2550 quae
1165 2497 1347 2553 quidem
1367 2512 1471 2541 om-

1095 2767 1135 2808 U

1166 2779 1189 2807 Ν
