1657 2876
558 161 896 207 TIMAEUS.
1336 171 1419 227 275

28 281 78 323 fit
96 293 178 336 per
199 279 242 320 fe
263 278 407 337 ipsum
433 277 520 320 iam
539 276 662 329 iusti3
693 274 919 318 subsicivis
951 290 1060 320 vero
1091 281 1292 337 operis'fi
1320 282 1418 340 quis

27 348 179 406 priora
208 349 392 403 sequens
416 344 638 402 explicare
656 343 791 397 velit,
821 344 943 386 haud
961 344 1112 402 inepte
1133 348 1194 391 ita
1216 352 1417 394 confide-

26 431 129 459 rans
153 416 359 458 oratione
382 414 688 471 persequatur.
732 413 1116 470 quemadmodum
1142 418 1315 474 saepius
1344 419 1417 461 di-

25 484 178 526 ximus
204 492 290 527 tres
317 482 456 525 animi
484 481 651 538 species
682 481 898 524 trifariam
926 481 974 524 in
1007 482 1133 525 nobis
1163 477 1415 530 constitutas

25 555 134 606 effe,
167 561 211 594 et
241 558 468 609 quamque
497 551 719 593 motiones
750 549 941 604 habere,
972 550 1032 593 ita
1065 552 1262 597 fimiliter
1288 570 1415 598 nunc

25 635 204 677 quoque
233 634 367 677 quam
401 619 667 676 paucissimis
701 618 939 661 dicendum
967 620 1048 669 est,
1087 636 1185 664 eam
1224 637 1337 679 quae
1365 624 1414 666 in

23 691 207 746 segnitia
234 688 358 731 vivat
370 697 414 730 et
433 689 686 730 motionum
717 689 898 730 suarum
922 689 1117 744 quietem
1149 691 1296 747 capiat
1323 691 1416 734 im-

21 757 290 799 becillimam
307 757 546 800 necessario
566 758 760 799 exsistere
773 788 784 810 ‚
814 772 930 812 quae
958 766 1112 801 contra
1133 760 1417 813 exerceatur-,⁵

21 826 355 879 validisfimam3
386 825 596 882 quocirca
624 825 874 867 curandum
904 827 963 867 est
995 834 1047 869 ut
1070 828 1293 869 motiones
1322 828 1413 870 ha-

19 894 157 937 beant
174 894 290 936 inter
301 896 344 936 se
365 901 673 951 congruentes.
697 894 751 935 de
762 893 1124 950 praestantissima
1140 908 1250 938 vero
1265 895 1411 940 animi

19 964 154 1005 nostri
165 965 308 1020 specie
321 964 374 1006 fic
390 962 746 1010 existimandum,
758 962 892 1004 deum
909 963 1068 1018 cuique
1089 963 1251 1006 dediffe
1267 972 1318 1006 ut
1339 980 1413 1021 ge-

18 1032 149 1074 nium
166 1031 281 1074 hanc
305 1046 439 1088 quam
465 1032 651 1074 dicimus
673 1031 716 1072 in
735 1033 909 1073 summo
927 1031 1054 1073 nobis
1074 1046 1264 1089 corpore
1284 1031 1410 1075 habi-

18 1107 132 1153 tare,
154 1110 198 1143 et
227 1109 413 1158 propter
426 1099 540 1142 naeli
561 1101 870 1157 cognationem
889 1116 913 1142 a
944 1108 1063 1142 terra
1084 1114 1165 1142 nos
1186 1101 1408 1151 attollere,

18 1170 187 1228 quippe
213 1171 290 1226 qui
308 1172 439 1211 fimus
468 1168 711 1211 animantia
733 1185 825 1211 non
855 1176 1064 1218 terrena,
1096 1168 1169 1209 sed
1200 1168 1411 1220 caelestia,

19 1239 258 1282 rectissime
281 1238 368 1279 hoc
389 1243 622 1293 ponente53
649 1236 774 1279 illinc
792 1237 1057 1291 enim,unde
1076 1237 1249 1293 primus
1269 1237 1411 1281 animi

16 1315 140 1350 ortus
161 1305 386 1365 profectus
409 1308 489 1358 est,
520 1306 721 1347 divinum
755 1305 1031 1361 suspendens
1055 1314 1192 1362 caput
1215 1313 1258 1348 et
1283 1307 1411 1350 radi-

16 1392 112 1420 cem
148 1378 339 1418 nostram
371 1373 498 1430 erigit
530 1381 676 1415 totum
708 1385 882 1428 corpus.
931 1371 978 1412 in
1010 1387 1063 1413 eo
1090 1372 1227 1428 igitur
1254 1375 1331 1430 qui
1360 1375 1410 1417 in

15 1446 280 1504 cupiditates
303 1451 347 1484 et
366 1442 671 1484 contentiones
692 1440 885 1482 studium
915 1453 1193 1496 operamque
1231 1440 1411 1486 confert

16 1524 58 1557 et
84 1515 127 1555 in
154 1514 219 1554 his
243 1513 533 1553 vehementer
553 1511 597 1551 se
625 1516 830 1555 exercet,
863 1507 1014 1549 omnia
1035 1506 1219 1552 decreta
1239 1515 1410 1554 neceffe

15 1584 74 1626 est
107 1582 271 1625 innasci
308 1579 539 1631 mortalia,
581 1577 827 1634 planeque,
868 1590 1002 1631 quam
1034 1578 1234 1619 maxime
1269 1578 1410 1635 potest

14 1652 214 1696 mortalis
234 1648 345 1696 fieri,
379 1648 461 1691 hac
482 1663 531 1689 re
551 1661 609 1688 ne
626 1644 877 1701 paullulum
897 1644 1078 1700 quidem
1100 1643 1246 1698 defici,
1279 1647 1407 1703 quip-

14 1737 72 1780 pe
89 1721 166 1777 qui
189 1734 288 1761 eam
310 1717 515 1765 auxerit,
548 1728 650 1756 eum
677 1719 855 1761 contra,
888 1712 966 1768 qui
986 1713 1180 1754 discendi
1203 1728 1409 1756 amorem

13 1788 304 1843 veritatisque
335 1784 632 1841 cognitionem
675 1778 810 1823 coluit
843 1788 886 1822 et
919 1781 965 1822 in
998 1781 1066 1822 his
1102 1795 1213 1837 prae
1248 1782 1407 1824 ceteris

14 1858 148 1901 rebus
171 1856 257 1898 suis
291 1856 333 1896 se
363 1853 585 1902 exercuit,
613 1849 889 1893 immortalia
912 1856 957 1890 et
976 1847 1159 1901 divina,
1190 1848 1407 1905 siquidem

12 1927 252 1968 veritatem
275 1925 532 1977 assequutus
553 1919 712 1971 fuerit,
734 1918 914 1975 prorsus
938 1919 1104 1959 neccsse
1121 1918 1180 1959 est
1197 1919 1406 1974 cogitare,

15 2002 231 2051 quantum
259 2000 424 2034 natura
452 1990 647 2032 humana
678 1984 1022 2028 immortalitatis
1050 1987 1190 2042 potest
1222 2001 1406 2044 compos

14 2067 121 2115 effe,
152 2077 204 2104 ea
225 2061 350 2103 nullo
375 2060 506 2101 modo
532 2056 730 2104 deficiet,
762 2069 904 2110 quum
935 2055 1110 2111 semper
1144 2054 1262 2096 colat
1287 2053 1406 2095 divi-

13 2146 126 2174 num
154 2129 407 2185 habeatque
435 2125 680 2169 admodum
708 2129 915 2166 ornatum
939 2121 1123 2177 genium
1153 2122 1202 2163 in
1226 2123 1269 2163 se
1295 2136 1406 2164 con-

11 2199 321 2250 tubernalem,
364 2210 472 2254 prae
500 2193 658 2236 ceteris
688 2192 870 2234 beatum
905 2193 1001 2233 effe.
1043 2193 1218 2232 cultura
1250 2196 1405 2232 autem

13 2270 179 2322 cuique
208 2266 427 2322 cuiusque
455 2264 521 2306 rei
543 2276 635 2304 una
661 2262 719 2302 est
739 2260 871 2312 haee,
902 2267 955 2301 ut
975 2257 1287 2300 convenientes
1314 2257 1405 2301 cui-

13 2351 103 2392 que
129 2336 272 2392 pastus
306 2341 349 2375 et
376 2332 591 2376 motiones
619 2328 929 2371 attribuamus.
976 2327 1065 2369 iam
1097 2326 1244 2367 divino
1275 2326 1404 2369 nobis

12 2403 138 2447 infito
171 2410 381 2460 cognatae
411 2403 513 2445 sunt
550 2400 771 2447 motiones
805 2397 999 2441 universi
1040 2393 1326 2452 cogitationes
1359 2402 1404 2437 et

74 2744 186 2786 Tom.
224 2741 274 2787 V.
1076 2730 1107 2778 5
