1657 2876
589 166 934 212 TIMAEUS.
1368 188 1448 231 177

73 282 303 326 auxiliaris
321 298 346 326 a
373 282 505 326 Musis
533 279 635 323 data
657 282 735 332 est3
768 287 812 321 et
828 293 1045 322 numerus
1065 296 1241 340 quoque
1259 295 1449 344 propter

70 351 418 393 immoderatum
440 350 485 391 in
508 350 635 391 nobis
647 349 960 402 venustateque
979 354 1257 395 carentemin
1284 355 1450 411 pleris-

69 431 157 472 que
177 419 375 460 habitum
401 418 578 460 adiutor
599 417 654 459 ab
679 415 842 458 eisdem
866 414 992 458 datus
1015 419 1084 460 est.

182 488 271 528 lam
295 489 539 542 praegreffa
557 488 700 527 nostra
726 485 882 530 oratio,
901 485 1056 541 paucis
1080 487 1290 542 exceptis,
1321 504 1449 532 com-

63 554 324 595 monstravit
356 569 406 596 ea
438 569 551 609 quae
583 561 734 596 niente
761 549 917 593 effecta
943 553 1045 593 {unt
1055 568 1066 600 3
1098 564 1274 610 oportet
1296 567 1447 601 autem

65 621 194 662 etiam
231 636 281 662 ea
319 635 430 676 quae
460 624 711 664 necesfitate
749 620 864 662 facta
897 620 999 661 sunt
1028 622 1231 665 oratione
1260 627 1442 683 apponi.

60 687 204 729 mixta
230 689 433 732 videlicet
462 691 594 732 huius
616 689 773 732 mundi
797 688 918 743 origo
942 703 999 730 ex
1020 691 1277 732 necessitatis
1299 701 1343 734 et
1367 710 1445 737 ra-

59 755 193 797 tionis
215 758 528 800 coniunctione
554 759 745 801 conflata
767 760 849 809 est3
882 756 994 798 ratio
1015 765 1165 800 autem
1190 773 1329 815 quum
1363 778 1444 803 ne-

58 824 293 866 cessitatem
336 835 510 882 regeret
568 826 698 881 eique
745 825 1035 882 persuaderet
1081 834 1131 867 ut
1181 829 1440 871 maximam

55 904 209 933 rerum
232 907 345 948 quae
365 894 657 949 gignerentur
674 901 850 951 partem
875 893 928 933 ad
949 894 1168 950 optimum
1183 896 1442 947 adduceret,

55 957 119 999 ita
149 966 192 1000 et
220 959 303 1002 hac
330 963 502 1003 ratione
530 977 611 1018 per
639 962 935 1002 necei‘fitaiem
960 962 1231 1016 persuasioni
1249 964 1441 1020 sapienti

53 1025 293 1069 subiectam
323 1028 451 1071 initio
472 1032 770 1072 constructum
793 1029 848 1068 est
872 1030 956 1069 boc
981 1030 1251 1074 universum.
1292 1035 1318 1074 fi
1340 1033 1439 1088 quis

53 1091 190 1148 igitur
221 1098 445 1150 quomodo
478 1097 647 1139 factum
680 1098 725 1137 fit
750 1097 810 1138 ita
830 1109 938 1138 vere
955 1095 1150 1139 dicturus
1175 1101 1255 1152 est,
1286 1102 1435 1142 admi-

51 1160 211 1202 scenda
243 1164 282 1204 ei
300 1165 434 1206 etiam
456 1167 609 1206 causae
632 1166 796 1221 species
828 1164 1030 1215 errantis,
1068 1180 1156 1220 quo
1176 1175 1336 1211 natura
1358 1170 1438 1214 sua

50 1226 152 1272 fert.
193 1229 254 1271 ita
283 1231 372 1273 iam
402 1232 530 1273 nobis
560 1231 840 1273 redeundum
878 1232 959 1282 est,
992 1239 1036 1272 et
1054 1232 1172 1273 aliud
1194 1238 1345 1280 rursus
1367 1239 1436 1280 his

48 1295 149 1353 ipfis
178 1300 450 1341 conveniens
474 1300 652 1342 initium
686 1300 930 1349 sumentes,
963 1303 1346 1354 quemadmodum
1378 1304 1435 1346 de

47 1364 132 1407 illis
151 1374 268 1419 tunc,
281 1365 340 1410 ita
360 1383 479 1410 nunc
495 1368 547 1410 de
564 1369 629 1410 his
651 1368 803 1410 rursus
827 1366 881 1407 ab
903 1366 1027 1409 initio
1047 1384 1127 1409 nos
1137 1370 1276 1412 ordiri
1292 1387 1434 1428 opor-

49 1440 125 1475 tet„
157 1435 388 1490 spectanda
409 1444 556 1477 autem
580 1444 683 1478 ante
701 1435 807 1477 caeli
827 1443 978 1476 ortum
994 1435 1083 1492 ipsa
1096 1437 1208 1491 ignis
1228 1446 1270 1479 et
1288 1454 1433 1495 aquae

47 1509 90 1543 et
109 1503 220 1544 aeris
241 1512 283 1545 et
303 1512 450 1545 terrae
469 1511 629 1546 natura
652 1518 790 1558 eaque
810 1518 920 1559 quae
952 1512 1055 1545 ante
1074 1505 1141 1546 his
1162 1514 1428 1549 evenerunt.

46 1585 168 1612 nunc
204 1571 320 1613 enim
360 1586 489 1612 nemo
518 1571 666 1612 adhuc
695 1585 852 1613 eorum
890 1578 1038 1613 ortum
1068 1572 1312 1626 indicavit,
1353 1574 1431 1616 sed

44 1644 273 1693 tamquam
304 1639 536 1681 scientibus
569 1639 674 1694 quid
711 1640 888 1681 tandem
926 1639 1035 1692 ignis
1066 1639 1116 1681 fit
1145 1649 1183 1680 et
1220 1642 1434 1697 qnodque>

45 1720 199 1748 eorum
224 1708 408 1749 dicimus
429 1708 650 1765 principia
671 1707 889 1749 elementa
914 1706 1003 1763 ipsa
1026 1707 1317 1750 univerfitatis
1350 1725 1427 1766 po-

42 1784 219 1826 nentes,
251 1791 390 1831 quum
423 1790 479 1816 ne
497 1790 598 1817 cum
623 1775 813 1831 syllabae
837 1775 1017 1829 quidem
1040 1775 1183 1829 specie
1205 1777 1307 1817 iure
1330 1778 1428 1832 quis

44 1857 95 1884 ea
111 1844 182 1885 vel
193 1844 442 1901 paullulum
460 1844 704 1898 intelligens
724 1857 982 1897 comparare
996 1843 1131 1897 possit.
1148 1857 1268 1884 nunc
1286 1843 1426 1899 igitur

42 1912 158 1967 quod
192 1912 246 1952 ad
268 1927 347 1953 nos
376 1912 555 1967 quidem
585 1911 744 1952 attinet
765 1911 824 1952 ita
844 1910 1030 1952 habeto:
1062 1911 1116 1952 de
1135 1925 1288 1953 rerum
1322 1928 1425 1954 om·-

40 1979 162 2022 nium
180 1979 398 2037 principio
410 1982 478 2022 vel
497 1979 726 2036 principiis
747 1980 818 2020 vel
832 1981 1054 2035 quomodo
1074 1980 1127 2020 de
1149 1979 1217 2020 his
1228 1979 1421 2030 videtur,

39 2063 160 2090 nuno
175 2064 263 2091 non
284 2050 341 2090 est
353 2049 604 2093 dicendum,
619 2049 731 2089 hanc
754 2048 892 2088 solam
913 2048 969 2089 ob
983 2049 1159 2089 oausam
1177 2046 1281 2101 quia
1304 2046 1421 2088 diffi-

39 2117 121 2158 cile
133 2119 190 2159 est
202 2132 255 2159 ex
270 2125 499 2174 praesente·
510 2116 784 2159 tractationis
796 2115 968 2156 ratione
979 2117 1206 2158 declarare
1221 2128 1335 2167 quae
1354 2113 1420 2155 vi-

40 2183 429 2241 deniur.neigitur
451 2202 526 2227 vos
548 2184 822 2227 arbitramini
844 2191 1048 2240 oportere
1072 2198 1143 2223 nie
1169 2181 1330 2230 dicere,
1345 2196 1418 2223 ne-

39 2266 126 2308 que
138 2267 216 2309 ego
232 2263 384 2296 conti-a
396 2253 687 2310 mihimetipsi
701 2253 920 2309 potuerim
936 2249 1204 2309 persuadere
1216 2258 1418 2292 recteme

38 2320 214 2375 aggredi
228 2322 280 2362 ad
293 2330 467 2364 tantum
481 2338 589 2379 opus
602 2320 942 2378 suscipiendum.
966 2318 1008 2358 id
1025 2327 1175 2359 tamen
1194 2317 1311 2372 quod
1335 2318 1416 2361 ini-

36 2389 98 2430 tio
122 2388 210 2430 dixi
240 2390 439 2441 servans,
462 2392 710 2432 orationum
736 2390 825 2431 vim
851 2388 939 2428 veri
965 2386 1196 2431 similium,
1218 2384 1415 2427 conabor

35 2472 129 2498 non
147 2458 302 2508 miuus,
316 2458 385 2498 sed
409 2458 545 2513 magis
560 2459 691 2501 etiam
712 2456 866 2513 quovis
882 2470 971 2496 uno
995 2453 1240 2510 probabilia
1260 2454 1413 2495 rursus

34 2524 92 2566 ab
107 2524 235 2566 initio
249 2525 302 2566 de
322 2526 489 2581 singulis
503 2534 546 2567 et
567 2526 780 2567 universis
795 2524 955 2564 dicere.
972 2522 1104 2563 deum
1119 2528 1270 2563 autem
1291 2535 1412 2562 nunc

36 2607 212 2649 quoque
239 2596 285 2635 in
313 2595 522 2640 orationis
552 2594 734 2647 exordio
762 2593 1030 2635 servatorem
1061 2605 1200 2648 quum
1225 2589 1410 2632 invoca-

94 2733 205 2778 Tom.
242 2731 286 2772 V
288 2766 291 2771 .
1085 2727 1134 2775 ¹51
