<?xml version="1.0" encoding="UTF-8"?>
<!DOCTYPE html PUBLIC "-//W3C//DTD XHTML 1.0 Transitional//EN"
    "http://www.w3.org/TR/xhtml1/DTD/xhtml1-transitional.dtd">
<html xmlns="http://www.w3.org/1999/xhtml" xml:lang="en" lang="en">
 <head>
  <title>
</title>
<meta http-equiv="Content-Type" content="text/html;charset=utf-8" />
  <meta name='ocr-system' content='tesseract 3.04.00' />
  <meta name='ocr-capabilities' content='ocr_page ocr_carea ocr_par ocr_line ocrx_word'/>
</head>
<body>
  <div class='ocr_page' id='page_1' title='image "./quaeexstantopera05plat_0015.png"; bbox 0 0 1657 2876; ppageno 0'>
   <div class='ocr_carea' id='block_1_1' title="bbox 696 107 1591 172">
    <p class='ocr_par' dir='ltr' id='par_1_1' title="bbox 696 107 1591 172">
     <span class='ocr_line' id='line_1_1' title="bbox 696 107 1591 172; baseline 0.004 -21"><span class='ocrx_word' id='word_1_1' title='bbox 696 107 985 154; x_wconf 82' lang='lat' dir='ltr'><strong>POLITIA</strong></span> <span class='ocrx_word' id='word_1_2' title='bbox 1025 110 1111 155; x_wconf 79' lang='lat' dir='ltr'><strong>lx.</strong></span> <span class='ocrx_word' id='word_1_3' title='bbox 1565 130 1591 172; x_wconf 81' lang='lat'><em>7</em></span> 
     </span>
    </p>
   </div>
   <div class='ocr_carea' id='block_1_2' title="bbox 177 221 1625 2675">
    <p class='ocr_par' dir='ltr' id='par_1_2' title="bbox 191 221 1615 1292">
     <span class='ocr_line' id='line_1_2' title="bbox 210 221 1596 274; baseline 0.004 -7"><span class='ocrx_word' id='word_1_4' title='bbox 210 239 315 267; x_wconf 86' lang='lat' dir='ltr'><strong>nem</strong></span> <span class='ocrx_word' id='word_1_5' title='bbox 344 234 390 268; x_wconf 85' lang='lat' dir='ltr'><strong>et</strong></span> <span class='ocrx_word' id='word_1_6' title='bbox 418 225 624 266; x_wconf 82' lang='lat' dir='ltr'><strong>aculeum</strong></span> <span class='ocrx_word' id='word_1_7' title='bbox 653 221 911 265; x_wconf 85' lang='lat' dir='ltr'><strong>indiderunt</strong></span> <span class='ocrx_word' id='word_1_8' title='bbox 947 224 1075 272; x_wconf 83' lang='lat' dir='ltr'><strong>fuco.</strong></span> <span class='ocrx_word' id='word_1_9' title='bbox 1107 232 1203 268; x_wconf 88' lang='lat' dir='ltr'><strong>tum</strong></span> <span class='ocrx_word' id='word_1_10' title='bbox 1229 228 1463 274; x_wconf 77' lang='lat' dir='ltr'>satellitem</span> <span class='ocrx_word' id='word_1_11' title='bbox 1487 232 1530 273; x_wconf 84' lang='lat' dir='ltr'><strong>se</strong></span> <span class='ocrx_word' id='word_1_12' title='bbox 1554 232 1596 273; x_wconf 79' lang='lat' dir='ltr'><strong>ei</strong></span> 
     </span>
     <span class='ocr_line' id='line_1_3' title="bbox 210 289 1615 355; baseline 0.003 -19"><span class='ocrx_word' id='word_1_13' title='bbox 210 293 407 348; x_wconf 89' lang='lat' dir='ltr'><strong>adiungit</strong></span> <span class='ocrx_word' id='word_1_14' title='bbox 423 291 586 333; x_wconf 80' lang='lat' dir='ltr'><strong>insania</strong></span> <span class='ocrx_word' id='word_1_15' title='bbox 601 299 643 332; x_wconf 88' lang='lat' dir='ltr'><strong>et</strong></span> <span class='ocrx_word' id='word_1_16' title='bbox 660 289 766 332; x_wconf 81' lang='lat' dir='ltr'><strong>furit</strong></span> <span class='ocrx_word' id='word_1_17' title='bbox 781 291 854 333; x_wconf 87' lang='lat' dir='ltr'><strong>hic</strong></span> <span class='ocrx_word' id='word_1_18' title='bbox 873 292 1011 335; x_wconf 81' lang='lat' dir='ltr'><strong>animi</strong></span> <span class='ocrx_word' id='word_1_19' title='bbox 1034 294 1297 349; x_wconf 77' lang='lat' dir='ltr'><strong>praefectus,</strong></span> <span class='ocrx_word' id='word_1_20' title='bbox 1311 304 1356 339; x_wconf 89' lang='lat' dir='ltr'><strong>et</strong></span> <span class='ocrx_word' id='word_1_21' title='bbox 1373 299 1402 340; x_wconf 91' lang='lat' dir='ltr'><strong>fi</strong></span> <span class='ocrx_word' id='word_1_22' title='bbox 1414 297 1615 355; x_wconf 75' lang='lat' dir='ltr'><strong>opinio-,</strong></span> 
     </span>
     <span class='ocr_line' id='line_1_4' title="bbox 209 359 1595 423; baseline -0.003 -19"><span class='ocrx_word' id='word_1_23' title='bbox 209 377 287 404; x_wconf 83' lang='lat' dir='ltr'><strong>nes</strong></span> <span class='ocrx_word' id='word_1_24' title='bbox 306 361 351 402; x_wconf 91' lang='lat' dir='ltr'><strong>in</strong></span> <span class='ocrx_word' id='word_1_25' title='bbox 375 361 418 401; x_wconf 81' lang='lat' dir='ltr'><strong>se</strong></span> <span class='ocrx_word' id='word_1_26' title='bbox 445 361 611 416; x_wconf 87' lang='lat' dir='ltr'><strong>aliquas</strong></span> <span class='ocrx_word' id='word_1_27' title='bbox 631 359 926 417; x_wconf 81' lang='lat' dir='ltr'><strong>deprehendit</strong></span> <span class='ocrx_word' id='word_1_28' title='bbox 957 369 1000 402; x_wconf 86' lang='lat' dir='ltr'><strong>et</strong></span> <span class='ocrx_word' id='word_1_29' title='bbox 1020 361 1281 418; x_wconf 82' lang='lat' dir='ltr'><strong>cupiditates</strong></span> <span class='ocrx_word' id='word_1_30' title='bbox 1299 381 1383 421; x_wconf 89' lang='lat' dir='ltr'><strong>pro</strong></span> <span class='ocrx_word' id='word_1_31' title='bbox 1401 367 1595 423; x_wconf 73' lang='lat' dir='ltr'><strong>frugali-</strong></span> 
     </span>
     <span class='ocr_line' id='line_1_5' title="bbox 207 428 1595 480; baseline 0.005 -9"><span class='ocrx_word' id='word_1_32' title='bbox 207 429 290 472; x_wconf 81' lang='lat' dir='ltr'><strong>bus</strong></span> <span class='ocrx_word' id='word_1_33' title='bbox 308 429 481 471; x_wconf 83' lang='lat' dir='ltr'><strong>habitas</strong></span> <span class='ocrx_word' id='word_1_34' title='bbox 507 436 550 470; x_wconf 92' lang='lat' dir='ltr'><strong>et</strong></span> <span class='ocrx_word' id='word_1_35' title='bbox 569 428 716 470; x_wconf 88' lang='lat' dir='ltr'><strong>adhuc</strong></span> <span class='ocrx_word' id='word_1_36' title='bbox 736 429 1030 480; x_wconf 71' lang='lat' dir='ltr'><strong>verecundae,</strong></span> <span class='ocrx_word' id='word_1_37' title='bbox 1067 432 1122 472; x_wconf 85' lang='lat' dir='ltr'><strong>dc</strong></span> <span class='ocrx_word' id='word_1_38' title='bbox 1148 431 1294 472; x_wconf 88' lang='lat' dir='ltr'><strong>medio</strong></span> <span class='ocrx_word' id='word_1_39' title='bbox 1318 448 1387 476; x_wconf 80' lang='lat' dir='ltr'><strong>eas</strong></span> <span class='ocrx_word' id='word_1_40' title='bbox 1411 435 1527 477; x_wconf 85' lang='lat' dir='ltr'><strong>tollit</strong></span> <span class='ocrx_word' id='word_1_41' title='bbox 1550 442 1595 477; x_wconf 85' lang='lat' dir='ltr'><strong>et</strong></span> 
     </span>
     <span class='ocr_line' id='line_1_6' title="bbox 203 495 1592 558; baseline 0.004 -19"><span class='ocrx_word' id='word_1_42' title='bbox 203 496 322 540; x_wconf 84' lang='lat' dir='ltr'><strong>foras</strong></span> <span class='ocrx_word' id='word_1_43' title='bbox 349 512 405 538; x_wconf 80' lang='lat' dir='ltr'><strong>ex</strong></span> <span class='ocrx_word' id='word_1_44' title='bbox 426 498 470 538; x_wconf 85' lang='lat' dir='ltr'><strong>se</strong></span> <span class='ocrx_word' id='word_1_45' title='bbox 501 498 640 554; x_wconf 75' lang='lat' dir='ltr'><strong>pellit,</strong></span> <span class='ocrx_word' id='word_1_46' title='bbox 671 495 777 537; x_wconf 85' lang='lat' dir='ltr'><strong>dum</strong></span> <span class='ocrx_word' id='word_1_47' title='bbox 801 497 847 537; x_wconf 89' lang='lat' dir='ltr'><strong>se</strong></span> <span class='ocrx_word' id='word_1_48' title='bbox 867 498 1110 541; x_wconf 77' lang='lat' dir='ltr'><strong>exsolverit</strong></span> <span class='ocrx_word' id='word_1_49' title='bbox 1128 502 1441 558; x_wconf 79' lang='lat' dir='ltr'><strong>temperantia,</strong></span> <span class='ocrx_word' id='word_1_50' title='bbox 1474 502 1592 546; x_wconf 80' lang='lat' dir='ltr'><strong>insa-</strong></span> 
     </span>
     <span class='ocr_line' id='line_1_7' title="bbox 203 564 1593 626; baseline 0.004 -18"><span class='ocrx_word' id='word_1_51' title='bbox 203 566 279 608; x_wconf 89' lang='lat' dir='ltr'><strong>nia</strong></span> <span class='ocrx_word' id='word_1_52' title='bbox 302 580 415 607; x_wconf 86' lang='lat' dir='ltr'><strong>vero</strong></span> <span class='ocrx_word' id='word_1_53' title='bbox 440 564 738 622; x_wconf 74' lang='lat' dir='ltr'><strong>compleverit</strong></span> <span class='ocrx_word' id='word_1_54' title='bbox 765 565 1002 623; x_wconf 71' lang='lat' dir='ltr'><strong>assumpta.</strong></span> <span class='ocrx_word' id='word_1_55' title='bbox 1035 567 1233 619; x_wconf 85' lang='lat' dir='ltr'>Prorsus,</span> <span class='ocrx_word' id='word_1_56' title='bbox 1257 568 1417 625; x_wconf 87' lang='lat' dir='ltr'><strong>inquit,</strong></span> <span class='ocrx_word' id='word_1_57' title='bbox 1438 577 1593 626; x_wconf 85' lang='lat' dir='ltr'><strong>tyran-</strong></span> 
     </span>
     <span class='ocr_line' id='line_1_8' title="bbox 201 632 1592 692; baseline 0.004 -16"><span class='ocrx_word' id='word_1_58' title='bbox 201 633 288 676; x_wconf 87' lang='lat' dir='ltr'><strong>nici</strong></span> <span class='ocrx_word' id='word_1_59' title='bbox 316 634 403 676; x_wconf 89' lang='lat' dir='ltr'><strong>viri</strong></span> <span class='ocrx_word' id='word_1_60' title='bbox 427 632 535 674; x_wconf 88' lang='lat' dir='ltr'><strong>dicis</strong></span> <span class='ocrx_word' id='word_1_61' title='bbox 552 641 718 674; x_wconf 83' lang='lat' dir='ltr'><strong>ortum.</strong></span> <span class='ocrx_word' id='word_1_62' title='bbox 777 633 898 677; x_wconf 87' lang='lat' dir='ltr'><strong>Num</strong></span> <span class='ocrx_word' id='word_1_63' title='bbox 923 649 1050 687; x_wconf 74' lang='lat' dir='ltr'><strong>vcro,</strong></span> <span class='ocrx_word' id='word_1_64' title='bbox 1083 635 1283 692; x_wconf 87' lang='lat' dir='ltr'><strong>inquam,</strong></span> <span class='ocrx_word' id='word_1_65' title='bbox 1314 636 1448 678; x_wconf 84' lang='lat' dir='ltr'><strong>etiam</strong></span> <span class='ocrx_word' id='word_1_66' title='bbox 1474 639 1592 681; x_wconf 86' lang='lat' dir='ltr'><strong>anti-</strong></span> 
     </span>
     <span class='ocr_line' id='line_1_9' title="bbox 201 701 1590 761; baseline 0.004 -18"><span class='ocrx_word' id='word_1_67' title='bbox 201 702 352 758; x_wconf 88' lang='lat' dir='ltr'><strong>quitus</strong></span> <span class='ocrx_word' id='word_1_68' title='bbox 371 702 487 743; x_wconf 85' lang='lat' dir='ltr'><strong>hanc</strong></span> <span class='ocrx_word' id='word_1_69' title='bbox 511 701 566 743; x_wconf 91' lang='lat' dir='ltr'><strong>ob</strong></span> <span class='ocrx_word' id='word_1_70' title='bbox 594 703 769 744; x_wconf 82' lang='lat' dir='ltr'><strong>causam</strong></span> <span class='ocrx_word' id='word_1_71' title='bbox 790 709 1008 759; x_wconf 85' lang='lat' dir='ltr'><strong>tyrannus</strong></span> <span class='ocrx_word' id='word_1_72' title='bbox 1033 703 1173 746; x_wconf 84' lang='lat' dir='ltr'><strong>Amor</strong></span> <span class='ocrx_word' id='word_1_73' title='bbox 1190 704 1488 761; x_wconf 80' lang='lat' dir='ltr'><strong>perhibetur?</strong></span> <span class='ocrx_word' id='word_1_74' title='bbox 1519 707 1590 749; x_wconf 86' lang='lat' dir='ltr'><strong>Est</strong></span> 
     </span>
     <span class='ocr_line' id='line_1_10' title="bbox 200 769 1588 827; baseline 0.003 -15"><span class='ocrx_word' id='word_1_75' title='bbox 200 771 304 812; x_wconf 86' lang='lat' dir='ltr'><strong>sane</strong></span> <span class='ocrx_word' id='word_1_76' title='bbox 322 769 396 822; x_wconf 87' lang='lat' dir='ltr'><strong>ita,</strong></span> <span class='ocrx_word' id='word_1_77' title='bbox 427 770 582 826; x_wconf 85' lang='lat' dir='ltr'><strong>inquit.</strong></span> <span class='ocrx_word' id='word_1_78' title='bbox 639 770 815 823; x_wconf 70' lang='lat' dir='ltr'><strong>Nonne,</strong></span> <span class='ocrx_word' id='word_1_79' title='bbox 847 771 1002 824; x_wconf 81' lang='lat' dir='ltr'><strong>amice,</strong></span> <span class='ocrx_word' id='word_1_80' title='bbox 1034 772 1236 827; x_wconf 86' lang='lat' dir='ltr'><strong>inquam,</strong></span> <span class='ocrx_word' id='word_1_81' title='bbox 1269 773 1401 814; x_wconf 80' lang='lat' dir='ltr'><strong>etiam</strong></span> <span class='ocrx_word' id='word_1_82' title='bbox 1436 772 1588 816; x_wconf 81' lang='lat' dir='ltr'><strong>ebrius</strong></span> 
     </span>
     <span class='ocr_line' id='line_1_11' title="bbox 198 838 1584 895; baseline 0.003 -15"><span class='ocrx_word' id='word_1_83' title='bbox 198 838 274 880; x_wconf 86' lang='lat' dir='ltr'><strong>vir</strong></span> <span class='ocrx_word' id='word_1_84' title='bbox 305 838 591 895; x_wconf 86' lang='lat' dir='ltr'><strong>tyrannicum</strong></span> <span class='ocrx_word' id='word_1_85' title='bbox 623 840 847 895; x_wconf 85' lang='lat' dir='ltr'><strong>quendam</strong></span> <span class='ocrx_word' id='word_1_86' title='bbox 868 840 1070 882; x_wconf 84' lang='lat' dir='ltr'><strong>animum</strong></span> <span class='ocrx_word' id='word_1_87' title='bbox 1100 839 1267 881; x_wconf 85' lang='lat' dir='ltr'><strong>habet?</strong></span> <span class='ocrx_word' id='word_1_88' title='bbox 1299 840 1444 883; x_wconf 86' lang='lat' dir='ltr'><strong>Habet</strong></span> <span class='ocrx_word' id='word_1_89' title='bbox 1464 855 1584 884; x_wconf 86' lang='lat' dir='ltr'><strong>vero.</strong></span> 
     </span>
     <span class='ocr_line' id='line_1_12' title="bbox 196 907 1588 967; baseline -0.001 -16"><span class='ocrx_word' id='word_1_90' title='bbox 196 908 256 951; x_wconf 85' lang='lat' dir='ltr'><strong>Et</strong></span> <span class='ocrx_word' id='word_1_91' title='bbox 275 909 378 950; x_wconf 87' lang='lat' dir='ltr'><strong>sane</strong></span> <span class='ocrx_word' id='word_1_92' title='bbox 397 907 476 964; x_wconf 89' lang='lat' dir='ltr'><strong>qui</strong></span> <span class='ocrx_word' id='word_1_93' title='bbox 501 907 613 949; x_wconf 82' lang='lat' dir='ltr'><strong>furit</strong></span> <span class='ocrx_word' id='word_1_94' title='bbox 640 917 881 965; x_wconf 86' lang='lat' dir='ltr'><strong>menteque</strong></span> <span class='ocrx_word' id='word_1_95' title='bbox 903 916 1128 967; x_wconf 78' lang='lat' dir='ltr'><strong>permotus</strong></span> <span class='ocrx_word' id='word_1_96' title='bbox 1151 909 1208 950; x_wconf 89' lang='lat' dir='ltr'><strong>est</strong></span> <span class='ocrx_word' id='word_1_97' title='bbox 1231 923 1323 950; x_wconf 88' lang='lat' dir='ltr'><strong>non</strong></span> <span class='ocrx_word' id='word_1_98' title='bbox 1341 907 1475 950; x_wconf 91' lang='lat' dir='ltr'><strong>modo</strong></span> <span class='ocrx_word' id='word_1_99' title='bbox 1497 907 1588 950; x_wconf 88' lang='lat' dir='ltr'><strong>ho—</strong></span> 
     </span>
     <span class='ocr_line' id='line_1_13' title="bbox 197 975 1586 1034; baseline -0.002 -14"><span class='ocrx_word' id='word_1_100' title='bbox 197 975 413 1026; x_wconf 83' lang='lat' dir='ltr'><strong>minibus,</strong></span> <span class='ocrx_word' id='word_1_101' title='bbox 445 990 609 1017; x_wconf 85' lang='lat' dir='ltr'><strong>verum</strong></span> <span class='ocrx_word' id='word_1_102' title='bbox 642 976 777 1018; x_wconf 83' lang='lat' dir='ltr'><strong>etiam</strong></span> <span class='ocrx_word' id='word_1_103' title='bbox 811 976 893 1018; x_wconf 87' lang='lat' dir='ltr'><strong>diis</strong></span> <span class='ocrx_word' id='word_1_104' title='bbox 925 985 1112 1019; x_wconf 81' lang='lat' dir='ltr'><strong>conatur</strong></span> <span class='ocrx_word' id='word_1_105' title='bbox 1135 976 1361 1034; x_wconf 86' lang='lat' dir='ltr'><strong>imperare</strong></span> <span class='ocrx_word' id='word_1_106' title='bbox 1381 977 1515 1032; x_wconf 87' lang='lat' dir='ltr'><strong>seque</strong></span> <span class='ocrx_word' id='word_1_107' title='bbox 1538 976 1586 1018; x_wconf 89' lang='lat' dir='ltr'><strong>id</strong></span> 
     </span>
     <span class='ocr_line' id='line_1_14' title="bbox 194 1043 1583 1102; baseline 0 -16"><span class='ocrx_word' id='word_1_108' title='bbox 194 1045 312 1098; x_wconf 80' lang='lat' dir='ltr'><strong>poffe</strong></span> <span class='ocrx_word' id='word_1_109' title='bbox 333 1043 564 1085; x_wconf 76' lang='lat' dir='ltr'><strong>existimat.</strong></span> <span class='ocrx_word' id='word_1_110' title='bbox 598 1043 714 1085; x_wconf 85' lang='lat' dir='ltr'><strong>Sane</strong></span> <span class='ocrx_word' id='word_1_111' title='bbox 735 1044 933 1099; x_wconf 87' lang='lat' dir='ltr'><strong>quidem,</strong></span> <span class='ocrx_word' id='word_1_112' title='bbox 957 1044 1118 1101; x_wconf 80' lang='lat' dir='ltr'><strong>inquit.</strong></span> <span class='ocrx_word' id='word_1_113' title='bbox 1150 1045 1442 1102; x_wconf 86' lang='lat' dir='ltr'><strong>Tyrannicus</strong></span> <span class='ocrx_word' id='word_1_114' title='bbox 1462 1059 1583 1098; x_wconf 83' lang='lat' dir='ltr'><strong>vero,</strong></span> 
     </span>
     <span class='ocr_line' id='line_1_15' title="bbox 192 1111 1583 1170; baseline 0.002 -17"><span class='ocrx_word' id='word_1_115' title='bbox 192 1111 402 1168; x_wconf 74' lang='lat' dir='ltr'><strong>inquam,</strong></span> <span class='ocrx_word' id='word_1_116' title='bbox 436 1126 461 1152; x_wconf 95' lang='lat' dir='ltr'><strong>o</strong></span> <span class='ocrx_word' id='word_1_117' title='bbox 480 1113 840 1167; x_wconf 75' lang='lat' dir='ltr'><strong>praestantissime</strong></span> <span class='ocrx_word' id='word_1_118' title='bbox 863 1113 957 1164; x_wconf 78' lang='lat' dir='ltr'><strong>vir,</strong></span> <span class='ocrx_word' id='word_1_119' title='bbox 988 1114 1121 1170; x_wconf 82' lang='lat' dir='ltr'><strong>plane</strong></span> <span class='ocrx_word' id='word_1_120' title='bbox 1142 1114 1313 1167; x_wconf 70' lang='lat' dir='ltr'><strong>exsistit,</strong></span> <span class='ocrx_word' id='word_1_121' title='bbox 1345 1128 1485 1170; x_wconf 90' lang='lat' dir='ltr'><strong>quum</strong></span> <span class='ocrx_word' id='word_1_122' title='bbox 1509 1114 1583 1156; x_wconf 91' lang='lat' dir='ltr'><strong>vel</strong></span> 
     </span>
     <span class='ocr_line' id='line_1_16' title="bbox 191 1179 1582 1235; baseline 0.001 -12"><span class='ocrx_word' id='word_1_123' title='bbox 191 1189 357 1223; x_wconf 84' lang='lat' dir='ltr'><strong>natura</strong></span> <span class='ocrx_word' id='word_1_124' title='bbox 384 1179 456 1221; x_wconf 87' lang='lat' dir='ltr'><strong>vel</strong></span> <span class='ocrx_word' id='word_1_125' title='bbox 481 1179 629 1222; x_wconf 87' lang='lat' dir='ltr'><strong>studiis</strong></span> <span class='ocrx_word' id='word_1_126' title='bbox 658 1180 729 1222; x_wconf 86' lang='lat' dir='ltr'><strong>vel</strong></span> <span class='ocrx_word' id='word_1_127' title='bbox 762 1187 953 1235; x_wconf 86' lang='lat' dir='ltr'><strong>utroque</strong></span> <span class='ocrx_word' id='word_1_128' title='bbox 985 1181 1178 1223; x_wconf 82' lang='lat' dir='ltr'><strong>ebriosus</strong></span> <span class='ocrx_word' id='word_1_129' title='bbox 1199 1190 1242 1223; x_wconf 88' lang='lat' dir='ltr'><strong>et</strong></span> <span class='ocrx_word' id='word_1_130' title='bbox 1271 1182 1515 1229; x_wconf 83' lang='lat' dir='ltr'><strong>amatorius</strong></span> <span class='ocrx_word' id='word_1_131' title='bbox 1537 1189 1582 1225; x_wconf 85' lang='lat' dir='ltr'><strong>et</strong></span> 
     </span>
     <span class='ocr_line' id='line_1_17' title="bbox 191 1247 1210 1292; baseline 0.002 -2"><span class='ocrx_word' id='word_1_132' title='bbox 191 1249 371 1292; x_wconf 85' lang='lat' dir='ltr'><strong>insanus</strong></span> <span class='ocrx_word' id='word_1_133' title='bbox 393 1248 563 1290; x_wconf 75' lang='lat' dir='ltr'><strong>exsistit.</strong></span> <span class='ocrx_word' id='word_1_134' title='bbox 623 1247 808 1290; x_wconf 82' lang='lat' dir='ltr'><strong>Prorsus</strong></span> <span class='ocrx_word' id='word_1_135' title='bbox 827 1264 898 1290; x_wconf 87' lang='lat' dir='ltr'><strong>res</strong></span> <span class='ocrx_word' id='word_1_136' title='bbox 920 1249 964 1290; x_wconf 86' lang='lat' dir='ltr'><strong>se</strong></span> <span class='ocrx_word' id='word_1_137' title='bbox 985 1250 1040 1291; x_wconf 85' lang='lat' dir='ltr'><strong>fic</strong></span> <span class='ocrx_word' id='word_1_138' title='bbox 1060 1249 1210 1292; x_wconf 85' lang='lat' dir='ltr'><strong>habet.</strong></span> 
     </span>
    </p>

    <p class='ocr_par' dir='ltr' id='par_1_3' title="bbox 177 1315 1625 2675">
     <span class='ocr_line' id='line_1_18' title="bbox 303 1315 1625 1375; baseline 0 -16"><span class='ocrx_word' id='word_1_139' title='bbox 303 1317 474 1360; x_wconf 82' lang='lat' dir='ltr'><strong>Exfistit</strong></span> <span class='ocrx_word' id='word_1_140' title='bbox 492 1315 686 1372; x_wconf 85' lang='lat' dir='ltr'><strong>quidem,</strong></span> <span class='ocrx_word' id='word_1_141' title='bbox 708 1324 759 1358; x_wconf 88' lang='lat' dir='ltr'><strong>ut</strong></span> <span class='ocrx_word' id='word_1_142' title='bbox 784 1325 919 1375; x_wconf 83' lang='lat' dir='ltr'><strong>patet,</strong></span> <span class='ocrx_word' id='word_1_143' title='bbox 949 1317 1013 1360; x_wconf 83' lang='lat' dir='ltr'><strong>ita</strong></span> <span class='ocrx_word' id='word_1_144' title='bbox 1034 1317 1290 1364; x_wconf 82' lang='lat' dir='ltr'><strong>huiusmodi</strong></span> <span class='ocrx_word' id='word_1_145' title='bbox 1309 1317 1403 1367; x_wconf 86' lang='lat' dir='ltr'><strong>vir;</strong></span> <span class='ocrx_word' id='word_1_146' title='bbox 1436 1317 1578 1360; x_wconf 83' lang='lat' dir='ltr'><strong>vitam</strong></span> <span class='ocrx_word' id='word_1_147' title='bbox 1622 1368 1625 1370; x_wconf 23' lang='lat'>¹</span> 
     </span>
     <span class='ocr_line' id='line_1_19' title="bbox 189 1384 1578 1443; baseline -0.001 -13"><span class='ocrx_word' id='word_1_148' title='bbox 189 1402 301 1430; x_wconf 83' lang='lat' dir='ltr'><strong>vero</strong></span> <span class='ocrx_word' id='word_1_149' title='bbox 324 1386 502 1443; x_wconf 88' lang='lat' dir='ltr'><strong>qualem</strong></span> <span class='ocrx_word' id='word_1_150' title='bbox 526 1384 676 1441; x_wconf 83' lang='lat' dir='ltr'><strong>degit?</strong></span> <span class='ocrx_word' id='word_1_151' title='bbox 706 1385 768 1427; x_wconf 87' lang='lat' dir='ltr'><strong>Ut</strong></span> <span class='ocrx_word' id='word_1_152' title='bbox 797 1385 1004 1428; x_wconf 86' lang='lat' dir='ltr'><strong>ludentes</strong></span> <span class='ocrx_word' id='word_1_153' title='bbox 1026 1386 1194 1439; x_wconf 87' lang='lat' dir='ltr'><strong>dicunt,</strong></span> <span class='ocrx_word' id='word_1_154' title='bbox 1224 1386 1387 1442; x_wconf 90' lang='lat' dir='ltr'><strong>inquit,</strong></span> <span class='ocrx_word' id='word_1_155' title='bbox 1419 1385 1505 1428; x_wconf 89' lang='lat' dir='ltr'><strong>hoc</strong></span> <span class='ocrx_word' id='word_1_156' title='bbox 1526 1394 1578 1428; x_wconf 88' lang='lat' dir='ltr'><strong>tu</strong></span> 
     </span>
     <span class='ocr_line' id='line_1_20' title="bbox 187 1453 1576 1512; baseline -0.002 -14"><span class='ocrx_word' id='word_1_157' title='bbox 187 1454 302 1499; x_wconf 84' lang='lat' dir='ltr'><strong>mihi</strong></span> <span class='ocrx_word' id='word_1_158' title='bbox 322 1468 499 1510; x_wconf 89' lang='lat' dir='ltr'><strong>quoque</strong></span> <span class='ocrx_word' id='word_1_159' title='bbox 519 1453 732 1495; x_wconf 82' lang='lat' dir='ltr'><strong>narrabis.</strong></span> <span class='ocrx_word' id='word_1_160' title='bbox 771 1454 915 1497; x_wconf 85' lang='lat' dir='ltr'><strong>Narro</strong></span> <span class='ocrx_word' id='word_1_161' title='bbox 933 1455 1079 1512; x_wconf 82' lang='lat' dir='ltr'><strong>igitur.</strong></span> <span class='ocrx_word' id='word_1_162' title='bbox 1111 1454 1306 1498; x_wconf 81' lang='lat' dir='ltr'><strong>arbitror</strong></span> <span class='ocrx_word' id='word_1_163' title='bbox 1325 1454 1460 1502; x_wconf 84' lang='lat' dir='ltr'><strong>enim,</strong></span> <span class='ocrx_word' id='word_1_164' title='bbox 1486 1454 1576 1496; x_wconf 86' lang='lat' dir='ltr'><strong>dies</strong></span> 
     </span>
     <span class='ocr_line' id='line_1_21' title="bbox 187 1521 1576 1580; baseline 0 -16"><span class='ocrx_word' id='word_1_165' title='bbox 187 1523 316 1565; x_wconf 83' lang='lat' dir='ltr'><strong>festos</strong></span> <span class='ocrx_word' id='word_1_166' title='bbox 337 1521 551 1564; x_wconf 83' lang='lat' dir='ltr'><strong>celebrari</strong></span> <span class='ocrx_word' id='word_1_167' title='bbox 573 1522 691 1579; x_wconf 87' lang='lat' dir='ltr'><strong>apud</strong></span> <span class='ocrx_word' id='word_1_168' title='bbox 715 1536 788 1563; x_wconf 86' lang='lat' dir='ltr'><strong>eos</strong></span> <span class='ocrx_word' id='word_1_169' title='bbox 822 1529 865 1564; x_wconf 88' lang='lat' dir='ltr'><strong>et</strong></span> <span class='ocrx_word' id='word_1_170' title='bbox 887 1523 1210 1566; x_wconf 76' lang='lat' dir='ltr'><strong>comissationes</strong></span> <span class='ocrx_word' id='word_1_171' title='bbox 1233 1531 1276 1566; x_wconf 88' lang='lat' dir='ltr'><strong>et</strong></span> <span class='ocrx_word' id='word_1_172' title='bbox 1297 1524 1449 1580; x_wconf 86' lang='lat' dir='ltr'><strong>epulas</strong></span> <span class='ocrx_word' id='word_1_173' title='bbox 1472 1523 1576 1564; x_wconf 84' lang='lat' dir='ltr'><strong>lau-</strong></span> 
     </span>
     <span class='ocr_line' id='line_1_22' title="bbox 186 1590 1575 1649; baseline 0 -16"><span class='ocrx_word' id='word_1_174' title='bbox 186 1590 323 1633; x_wconf 74' lang='lat' dir='ltr'><strong>‘tiores</strong></span> <span class='ocrx_word' id='word_1_175' title='bbox 343 1598 388 1631; x_wconf 86' lang='lat' dir='ltr'><strong>et</strong></span> <span class='ocrx_word' id='word_1_176' title='bbox 412 1590 576 1632; x_wconf 82' lang='lat' dir='ltr'><strong>amicas</strong></span> <span class='ocrx_word' id='word_1_177' title='bbox 595 1599 639 1631; x_wconf 84' lang='lat' dir='ltr'><strong>et</strong></span> <span class='ocrx_word' id='word_1_178' title='bbox 667 1592 816 1634; x_wconf 86' lang='lat' dir='ltr'><strong>omnia</strong></span> <span class='ocrx_word' id='word_1_179' title='bbox 835 1592 1032 1634; x_wconf 81' lang='lat' dir='ltr'><strong>eiusdem</strong></span> <span class='ocrx_word' id='word_1_180' title='bbox 1054 1593 1235 1647; x_wconf 81' lang='lat' dir='ltr'><strong>generiS,</strong></span> <span class='ocrx_word' id='word_1_181' title='bbox 1255 1607 1447 1649; x_wconf 88' lang='lat' dir='ltr'><strong>quorum</strong></span> <span class='ocrx_word' id='word_1_182' title='bbox 1471 1591 1575 1648; x_wconf 87' lang='lat' dir='ltr'><strong>qui-</strong></span> 
     </span>
     <span class='ocr_line' id='line_1_23' title="bbox 188 1658 1574 1716; baseline 0.001 -15"><span class='ocrx_word' id='word_1_183' title='bbox 188 1660 290 1702; x_wconf 89' lang='lat' dir='ltr'><strong>dem</strong></span> <span class='ocrx_word' id='word_1_184' title='bbox 322 1658 524 1700; x_wconf 88' lang='lat' dir='ltr'><strong>animum</strong></span> <span class='ocrx_word' id='word_1_185' title='bbox 556 1658 697 1700; x_wconf 85' lang='lat' dir='ltr'><strong>Amor</strong></span> <span class='ocrx_word' id='word_1_186' title='bbox 719 1665 937 1713; x_wconf 87' lang='lat' dir='ltr'><strong>tyrannus</strong></span> <span class='ocrx_word' id='word_1_187' title='bbox 974 1659 1092 1701; x_wconf 86' lang='lat' dir='ltr'><strong>intus</strong></span> <span class='ocrx_word' id='word_1_188' title='bbox 1127 1660 1333 1705; x_wconf 85' lang='lat' dir='ltr'><strong>habitans</strong></span> <span class='ocrx_word' id='word_1_189' title='bbox 1354 1660 1574 1716; x_wconf 85' lang='lat' dir='ltr'><strong>gubernat</strong></span> 
     </span>
     <span class='ocr_line' id='line_1_24' title="bbox 184 1725 1573 1783; baseline 0.001 -15"><span class='ocrx_word' id='word_1_190' title='bbox 184 1726 461 1768; x_wconf 83' lang='lat' dir='ltr'><strong>universum.</strong></span> <span class='ocrx_word' id='word_1_191' title='bbox 519 1725 696 1767; x_wconf 79' lang='lat' dir='ltr'><strong>Neceffe</strong></span> <span class='ocrx_word' id='word_1_192' title='bbox 728 1726 809 1776; x_wconf 90' lang='lat' dir='ltr'><strong>est,</strong></span> <span class='ocrx_word' id='word_1_193' title='bbox 839 1725 994 1780; x_wconf 84' lang='lat' dir='ltr'><strong>inquit.</strong></span> <span class='ocrx_word' id='word_1_194' title='bbox 1053 1726 1213 1768; x_wconf 85' lang='lat' dir='ltr'><strong>Nonne</strong></span> <span class='ocrx_word' id='word_1_195' title='bbox 1245 1727 1381 1783; x_wconf 86' lang='lat' dir='ltr'><strong>igitur</strong></span> <span class='ocrx_word' id='word_1_196' title='bbox 1403 1729 1573 1770; x_wconf 82' lang='lat' dir='ltr'><strong>multae</strong></span> 
     </span>
     <span class='ocr_line' id='line_1_25' title="bbox 182 1792 1571 1851; baseline 0.001 -15"><span class='ocrx_word' id='word_1_197' title='bbox 182 1795 474 1836; x_wconf 76' lang='lat' dir='ltr'><strong>vehementes</strong></span> <span class='ocrx_word' id='word_1_198' title='bbox 497 1792 801 1835; x_wconf 85' lang='lat' dir='ltr'><strong>adnascuntur</strong></span> <span class='ocrx_word' id='word_1_199' title='bbox 823 1793 1086 1849; x_wconf 87' lang='lat' dir='ltr'><strong>cupiditates</strong></span> <span class='ocrx_word' id='word_1_200' title='bbox 1108 1794 1154 1835; x_wconf 86' lang='lat' dir='ltr'><strong>in</strong></span> <span class='ocrx_word' id='word_1_201' title='bbox 1186 1795 1376 1851; x_wconf 87' lang='lat' dir='ltr'><strong>fingulos</strong></span> <span class='ocrx_word' id='word_1_202' title='bbox 1407 1795 1499 1837; x_wconf 85' lang='lat' dir='ltr'><strong>dies</strong></span> <span class='ocrx_word' id='word_1_203' title='bbox 1525 1803 1571 1837; x_wconf 86' lang='lat' dir='ltr'><strong>et</strong></span> 
     </span>
     <span class='ocr_line' id='line_1_26' title="bbox 182 1860 1570 1917; baseline -0.001 -11"><span class='ocrx_word' id='word_1_204' title='bbox 182 1870 348 1915; x_wconf 83' lang='lat' dir='ltr'><strong>noctes,</strong></span> <span class='ocrx_word' id='word_1_205' title='bbox 381 1862 632 1904; x_wconf 83' lang='lat' dir='ltr'><strong>multarum</strong></span> <span class='ocrx_word' id='word_1_206' title='bbox 655 1875 811 1902; x_wconf 85' lang='lat' dir='ltr'><strong>rerum</strong></span> <span class='ocrx_word' id='word_1_207' title='bbox 830 1860 1110 1917; x_wconf 79' lang='lat' dir='ltr'><strong>indigentes?</strong></span> <span class='ocrx_word' id='word_1_208' title='bbox 1140 1862 1310 1905; x_wconf 84' lang='lat' dir='ltr'><strong>Multae</strong></span> <span class='ocrx_word' id='word_1_209' title='bbox 1334 1878 1457 1905; x_wconf 86' lang='lat' dir='ltr'><strong>vero.</strong></span> <span class='ocrx_word' id='word_1_210' title='bbox 1491 1863 1570 1906; x_wconf 92' lang='lat' dir='ltr'><strong>Ci—</strong></span> 
     </span>
     <span class='ocr_line' id='line_1_27' title="bbox 182 1929 1570 1987; baseline -0.001 -13"><span class='ocrx_word' id='word_1_211' title='bbox 182 1941 228 1974; x_wconf 86' lang='lat' dir='ltr'><strong>to</strong></span> <span class='ocrx_word' id='word_1_212' title='bbox 251 1946 358 1974; x_wconf 84' lang='lat' dir='ltr'><strong>vero</strong></span> <span class='ocrx_word' id='word_1_213' title='bbox 385 1931 714 1972; x_wconf 81' lang='lat' dir='ltr'><strong>consumuntur</strong></span> <span class='ocrx_word' id='word_1_214' title='bbox 734 1930 763 1971; x_wconf 88' lang='lat' dir='ltr'>fi</span> <span class='ocrx_word' id='word_1_215' title='bbox 784 1929 973 1985; x_wconf 85' lang='lat' dir='ltr'><strong>quisunt</strong></span> <span class='ocrx_word' id='word_1_216' title='bbox 994 1929 1176 1974; x_wconf 86' lang='lat' dir='ltr'><strong>reditus.</strong></span> <span class='ocrx_word' id='word_1_217' title='bbox 1209 1930 1414 1987; x_wconf 80' lang='lat' dir='ltr'><strong>Quidni?</strong></span> <span class='ocrx_word' id='word_1_218' title='bbox 1446 1933 1570 1975; x_wconf 79' lang='lat' dir='ltr'><strong>Post-</strong></span> 
     </span>
     <span class='ocr_line' id='line_1_28' title="bbox 179 1996 1564 2057; baseline -0.001 -13"><span class='ocrx_word' id='word_1_219' title='bbox 179 2001 263 2044; x_wconf 81' lang='lat' dir='ltr'><strong>hac</strong></span> <span class='ocrx_word' id='word_1_220' title='bbox 287 2000 422 2057; x_wconf 87' lang='lat' dir='ltr'><strong>igitur</strong></span> <span class='ocrx_word' id='word_1_221' title='bbox 449 1998 752 2041; x_wconf 86' lang='lat' dir='ltr'><strong>mutuationes</strong></span> <span class='ocrx_word' id='word_1_222' title='bbox 781 1996 937 2053; x_wconf 84' lang='lat' dir='ltr'><strong>reique</strong></span> <span class='ocrx_word' id='word_1_223' title='bbox 968 1996 1200 2040; x_wconf 84' lang='lat' dir='ltr'><strong>familiaris</strong></span> <span class='ocrx_word' id='word_1_224' title='bbox 1220 1999 1564 2043; x_wconf 79' lang='lat' dir='ltr'><strong>deminutiones.</strong></span> 
     </span>
     <span class='ocr_line' id='line_1_29' title="bbox 181 2066 1566 2124; baseline -0.001 -12"><span class='ocrx_word' id='word_1_225' title='bbox 181 2069 298 2112; x_wconf 76' lang='lat' dir='ltr'><strong>sane</strong></span> <span class='ocrx_word' id='word_1_226' title='bbox 338 2067 533 2124; x_wconf 88' lang='lat' dir='ltr'><strong>quidem.</strong></span> <span class='ocrx_word' id='word_1_227' title='bbox 595 2066 754 2124; x_wconf 86' lang='lat' dir='ltr'><strong>Quum</strong></span> <span class='ocrx_word' id='word_1_228' title='bbox 798 2081 909 2108; x_wconf 82' lang='lat' dir='ltr'><strong>vero</strong></span> <span class='ocrx_word' id='word_1_229' title='bbox 946 2067 1098 2109; x_wconf 86' lang='lat' dir='ltr'><strong>omnia</strong></span> <span class='ocrx_word' id='word_1_230' title='bbox 1134 2067 1374 2120; x_wconf 86' lang='lat' dir='ltr'><strong>deficiunt,</strong></span> <span class='ocrx_word' id='word_1_231' title='bbox 1413 2084 1566 2111; x_wconf 82' lang='lat' dir='ltr'><strong>nonne</strong></span> 
     </span>
     <span class='ocr_line' id='line_1_30' title="bbox 179 2135 1566 2193; baseline -0.001 -12"><span class='ocrx_word' id='word_1_232' title='bbox 179 2140 350 2181; x_wconf 79' lang='lat' dir='ltr'><strong>necesse</strong></span> <span class='ocrx_word' id='word_1_233' title='bbox 389 2138 447 2178; x_wconf 90' lang='lat' dir='ltr'><strong>est</strong></span> <span class='ocrx_word' id='word_1_234' title='bbox 482 2135 742 2193; x_wconf 86' lang='lat' dir='ltr'><strong>cupiditates</strong></span> <span class='ocrx_word' id='word_1_235' title='bbox 775 2136 1016 2178; x_wconf 88' lang='lat' dir='ltr'><strong>clamorem</strong></span> <span class='ocrx_word' id='word_1_236' title='bbox 1044 2135 1199 2178; x_wconf 84' lang='lat' dir='ltr'><strong>tollere</strong></span> <span class='ocrx_word' id='word_1_237' title='bbox 1227 2135 1486 2191; x_wconf 81' lang='lat' dir='ltr'><strong>frequentes</strong></span> <span class='ocrx_word' id='word_1_238' title='bbox 1513 2152 1566 2180; x_wconf 81' lang='lat' dir='ltr'><strong>ac</strong></span> 
     </span>
     <span class='ocr_line' id='line_1_31' title="bbox 179 2203 1565 2263; baseline 0.001 -15"><span class='ocrx_word' id='word_1_239' title='bbox 179 2207 467 2248; x_wconf 74' lang='lat' dir='ltr'><strong>vehementes</strong></span> <span class='ocrx_word' id='word_1_240' title='bbox 497 2205 544 2246; x_wconf 89' lang='lat' dir='ltr'><strong>in</strong></span> <span class='ocrx_word' id='word_1_241' title='bbox 571 2204 675 2246; x_wconf 88' lang='lat' dir='ltr'><strong>nido</strong></span> <span class='ocrx_word' id='word_1_242' title='bbox 707 2203 1032 2255; x_wconf 80' lang='lat' dir='ltr'><strong>delitescentes,</strong></span> <span class='ocrx_word' id='word_1_243' title='bbox 1075 2211 1118 2245; x_wconf 89' lang='lat' dir='ltr'><strong>et</strong></span> <span class='ocrx_word' id='word_1_244' title='bbox 1144 2204 1243 2246; x_wconf 87' lang='lat' dir='ltr'><strong>illos</strong></span> <span class='ocrx_word' id='word_1_245' title='bbox 1279 2212 1505 2263; x_wconf 87' lang='lat' dir='ltr'><strong>tamquam</strong></span> <span class='ocrx_word' id='word_1_246' title='bbox 1538 2222 1565 2249; x_wconf 81' lang='lat' dir='ltr'><strong>a</strong></span> 
     </span>
     <span class='ocr_line' id='line_1_32' title="bbox 179 2271 1564 2329; baseline 0.001 -13"><span class='ocrx_word' id='word_1_247' title='bbox 179 2274 362 2316; x_wconf 78' lang='lat' dir='ltr'><strong>stimulis</strong></span> <span class='ocrx_word' id='word_1_248' title='bbox 391 2272 576 2329; x_wconf 84' lang='lat' dir='ltr'><strong>agitatos</strong></span> <span class='ocrx_word' id='word_1_249' title='bbox 610 2287 750 2328; x_wconf 88' lang='lat' dir='ltr'><strong>quum</strong></span> <span class='ocrx_word' id='word_1_250' title='bbox 781 2287 806 2313; x_wconf 84' lang='lat' dir='ltr'><strong>a</strong></span> <span class='ocrx_word' id='word_1_251' title='bbox 831 2271 984 2314; x_wconf 86' lang='lat' dir='ltr'><strong>ceteris</strong></span> <span class='ocrx_word' id='word_1_252' title='bbox 1008 2271 1321 2329; x_wconf 83' lang='lat' dir='ltr'><strong>cupiditatibus</strong></span> <span class='ocrx_word' id='word_1_253' title='bbox 1344 2281 1441 2317; x_wconf 86' lang='lat' dir='ltr'><strong>tum</strong></span> <span class='ocrx_word' id='word_1_254' title='bbox 1464 2290 1564 2317; x_wconf 85' lang='lat' dir='ltr'><strong>ma·</strong></span> 
     </span>
     <span class='ocr_line' id='line_1_33' title="bbox 178 2341 1564 2398; baseline 0 -14"><span class='ocrx_word' id='word_1_255' title='bbox 178 2342 303 2387; x_wconf 72' lang='lat' dir='ltr'><strong>xime</strong></span> <span class='ocrx_word' id='word_1_256' title='bbox 323 2341 376 2383; x_wconf 87' lang='lat' dir='ltr'><strong>ab</strong></span> <span class='ocrx_word' id='word_1_257' title='bbox 398 2342 490 2398; x_wconf 87' lang='lat' dir='ltr'><strong>ipso</strong></span> <span class='ocrx_word' id='word_1_258' title='bbox 514 2341 708 2395; x_wconf 86' lang='lat' dir='ltr'><strong>Amore,</strong></span> <span class='ocrx_word' id='word_1_259' title='bbox 744 2356 898 2383; x_wconf 87' lang='lat' dir='ltr'><strong>omnes</strong></span> <span class='ocrx_word' id='word_1_260' title='bbox 921 2341 1113 2397; x_wconf 79' lang='lat' dir='ltr'><strong>reliquas</strong></span> <span class='ocrx_word' id='word_1_261' title='bbox 1144 2349 1372 2398; x_wconf 85' lang='lat' dir='ltr'><strong>tamquam</strong></span> <span class='ocrx_word' id='word_1_262' title='bbox 1397 2343 1564 2385; x_wconf 83' lang='lat' dir='ltr'><strong>satelli-</strong></span> 
     </span>
     <span class='ocr_line' id='line_1_34' title="bbox 177 2409 1560 2467; baseline 0.001 -16"><span class='ocrx_word' id='word_1_263' title='bbox 177 2418 244 2452; x_wconf 86' lang='lat' dir='ltr'><strong>tes</strong></span> <span class='ocrx_word' id='word_1_264' title='bbox 271 2410 470 2458; x_wconf 82' lang='lat' dir='ltr'><strong>ducente,</strong></span> <span class='ocrx_word' id='word_1_265' title='bbox 502 2409 652 2452; x_wconf 79' lang='lat' dir='ltr'><strong>furere</strong></span> <span class='ocrx_word' id='word_1_266' title='bbox 674 2419 717 2452; x_wconf 90' lang='lat' dir='ltr'><strong>et</strong></span> <span class='ocrx_word' id='word_1_267' title='bbox 738 2424 952 2467; x_wconf 82' lang='lat' dir='ltr'><strong>quaerere</strong></span> <span class='ocrx_word' id='word_1_268' title='bbox 977 2409 1072 2466; x_wconf 85' lang='lat' dir='ltr'><strong>quis</strong></span> <span class='ocrx_word' id='word_1_269' title='bbox 1089 2410 1195 2466; x_wconf 89' lang='lat' dir='ltr'><strong>quid</strong></span> <span class='ocrx_word' id='word_1_270' title='bbox 1214 2411 1398 2464; x_wconf 87' lang='lat' dir='ltr'><strong>habeat,</strong></span> <span class='ocrx_word' id='word_1_271' title='bbox 1425 2426 1560 2467; x_wconf 85' lang='lat' dir='ltr'><strong>quem</strong></span> 
     </span>
     <span class='ocr_line' id='line_1_35' title="bbox 179 2468 1561 2537; baseline -0.001 -16"><span class='ocrx_word' id='word_1_272' title='bbox 179 2478 368 2537; x_wconf 74' lang='lat' dir='ltr'><strong>spoliare</strong></span> <span class='ocrx_word' id='word_1_273' title='bbox 404 2479 527 2534; x_wconf 80' lang='lat' dir='ltr'><strong>poffit</strong></span> <span class='ocrx_word' id='word_1_274' title='bbox 560 2477 827 2521; x_wconf 78' lang='lat' dir='ltr'><strong>defraudans</strong></span> <span class='ocrx_word' id='word_1_275' title='bbox 857 2480 932 2521; x_wconf 79' lang='lat' dir='ltr'><strong>vel</strong></span> <span class='ocrx_word' id='word_1_276' title='bbox 957 2468 1146 2534; x_wconf 75' lang='lat' dir='ltr'><strong>cogens?</strong></span> <span class='ocrx_word' id='word_1_277' title='bbox 1175 2479 1456 2532; x_wconf 79' lang='lat' dir='ltr'><strong>Admodum,</strong></span> <span class='ocrx_word' id='word_1_278' title='bbox 1488 2480 1561 2521; x_wconf 90' lang='lat' dir='ltr'><strong>in-</strong></span> 
     </span>
     <span class='ocr_line' id='line_1_36' title="bbox 179 2547 1560 2606; baseline 0.001 -19"><span class='ocrx_word' id='word_1_279' title='bbox 179 2548 288 2601; x_wconf 84' lang='lat' dir='ltr'><strong>quit.</strong></span> <span class='ocrx_word' id='word_1_280' title='bbox 351 2547 542 2603; x_wconf 83' lang='lat' dir='ltr'><strong>Oportet</strong></span> <span class='ocrx_word' id='word_1_281' title='bbox 562 2547 697 2603; x_wconf 77' lang='lat' dir='ltr'><strong>igitur</strong></span> <span class='ocrx_word' id='word_1_282' title='bbox 720 2563 791 2589; x_wconf 86' lang='lat' dir='ltr'><strong>eos</strong></span> <span class='ocrx_word' id='word_1_283' title='bbox 813 2548 1010 2605; x_wconf 80' lang='lat' dir='ltr'><strong>undique</strong></span> <span class='ocrx_word' id='word_1_284' title='bbox 1031 2548 1258 2606; x_wconf 80' lang='lat' dir='ltr'><strong>arripere,</strong></span> <span class='ocrx_word' id='word_1_285' title='bbox 1292 2555 1369 2590; x_wconf 81' lang='lat' dir='ltr'><strong>aut</strong></span> <span class='ocrx_word' id='word_1_286' title='bbox 1390 2548 1560 2604; x_wconf 84' lang='lat' dir='ltr'><strong>magnis</strong></span> 
     </span>
     <span class='ocr_line' id='line_1_37' title="bbox 182 2614 1560 2675; baseline 0 -18"><span class='ocrx_word' id='word_1_287' title='bbox 182 2614 413 2657; x_wconf 82' lang='lat' dir='ltr'><strong>doloribus</strong></span> <span class='ocrx_word' id='word_1_288' title='bbox 444 2621 491 2655; x_wconf 74' lang='lat' dir='ltr'><strong>ct</strong></span> <span class='ocrx_word' id='word_1_289' title='bbox 507 2616 771 2659; x_wconf 81' lang='lat' dir='ltr'><strong>cruciatibus</strong></span> <span class='ocrx_word' id='word_1_290' title='bbox 795 2615 927 2659; x_wconf 71' lang='lat' dir='ltr'><strong>affici.</strong></span> <span class='ocrx_word' id='word_1_291' title='bbox 988 2617 1192 2675; x_wconf 80' lang='lat' dir='ltr'><strong>Oportet.</strong></span> <span class='ocrx_word' id='word_1_292' title='bbox 1249 2616 1408 2660; x_wconf 83' lang='lat' dir='ltr'><strong>Nonne</strong></span> <span class='ocrx_word' id='word_1_293' title='bbox 1437 2631 1560 2670; x_wconf 79' lang='lat' dir='ltr'><strong>vero,</strong></span> 
     </span>
    </p>
   </div>
  </div>
 </body>
</html>
