1657 2876
618 116 951 163 TIMAEUS.
1398 122 1477 179 159

93 249 151 278 ex
172 234 288 292 igne,
316 241 365 276 ut
381 245 514 289 quam
537 231 930 286 splendidissimum
957 235 1060 274 effet
1080 242 1124 276 et
1142 234 1349 294 adspectu
1370 236 1476 293 pul-

93 303 386 345 cherrimum.
420 299 688 341 universitati
710 306 855 340 autem
886 301 1023 342 simile
1045 301 1233 344 efficiens
1257 305 1310 346 ad
1341 305 1476 346 volu-

93 371 306 413 bilitatem
327 367 583 411 rotundavit
605 366 842 423 posuitque
866 366 909 409 in
942 369 1101 428 optimi
1131 371 1320 412 circuitu
1344 379 1390 413 ut
1410 371 1477 413 illi

92 439 400 484 comitaretur,
441 437 610 477 circum
657 443 801 477 totum
837 438 1012 478 caelum
1046 439 1289 492 aequaliter
1321 439 1476 481 distri-

91 507 230 550 buens
244 538 255 557 ,
284 512 334 546 ut
356 519 490 546 verus
512 504 705 546 mundus
727 511 798 559 atq
808 519 862 545 ue
883 513 1066 546 ornatus
1087 507 1132 547 in
1158 521 1210 546 eo
1230 507 1333 547 effet
1351 507 1476 549 omni

89 576 309 618 distinctus
331 574 554 616 varietate.
588 582 733 614 motus
760 580 909 614 autem
935 573 1046 615 duos
1068 574 1277 616 adiunxit
1299 575 1472 631 cuique,

89 659 192 685 eum
226 642 299 697 qui
333 643 378 684 in
410 642 567 684 eodem
604 649 646 683 et
680 643 833 684 eodem
870 642 1000 684 modo
1031 644 1252 688 versatur,
1285 643 1389 696 quia
1419 645 1474 685 de

85 712 239 753 eodem
264 713 438 768 semper
460 711 578 752 idem
604 712 750 753 secum
772 711 960 767 cogitat,
993 718 1037 752 et
1058 726 1162 752 eum
1181 711 1255 766 qui
1278 722 1379 752 ante
1404 713 1475 752 in·-

84 780 311 837 greditur,
345 779 446 835 quia
477 779 531 819 ab
569 779 770 820 eiusdem
801 788 842 821 et
860 779 1011 821 fimitis
1033 780 1314 821 conver-smne
1335 780 1471 835 supe-

83 857 236 901 ratur3
267 849 383 904 quod
416 847 471 889 ad
504 847 697 903 reliquos
729 847 929 903 quinque
959 849 1136 902 attinet,
1169 849 1404 890 immotum
1430 854 1475 888 et

82 919 196 960 stans
219 917 348 959 finxit
371 915 594 968 divinum,
626 924 674 957 ut
703 931 835 971 quam
870 917 1091 973 optimum
1124 918 1333 974 quodque
1356 918 1472 957 effet.

83 1001 219 1042 quam
244 985 420 1041 quidem
443 984 498 1026 ob
518 985 693 1025 causam
715 992 817 1026 nata
837 985 938 1026 sunt
968 1001 1016 1026 ea
1047 986 1183 1027 sidera
1205 1000 1320 1041 quae
1348 985 1474 1026 iner-

82 1055 249 1103 rantia,
266 1054 431 1110 quippe
452 1053 696 1095 animantia
719 1053 896 1107 divina,
918 1053 1072 1094 eodem
1093 1054 1226 1095 modo
1245 1054 1292 1095 in
1315 1053 1475 1094 eodem

83 1122 330 1163 volvuntur
351 1131 395 1163 et
407 1129 622 1178 perpetuo
645 1128 852 1173 manent3
877 1136 994 1176 quae
1008 1130 1157 1162 autem
1172 1136 1283 1178 vaga
1305 1128 1347 1162 et
1368 1135 1475 1162 mu-

80 1189 202 1232 tabili
229 1189 403 1231 ratione
424 1189 650 1240 labuntur,
673 1190 733 1231 ita
754 1199 961 1245 generata
986 1192 1109 1241 sunt,
1136 1199 1186 1231 ut
1203 1191 1334 1245 supra
1352 1188 1475 1230 dixi-

80 1273 193 1300 mus.
233 1258 323 1300 iam
352 1272 460 1298 vero
500 1264 691 1307 terram,
723 1257 920 1298 altricem
942 1258 1157 1308 nostram,
1189 1257 1475 1298 constrictam

81 1326 196 1368 circa
217 1341 350 1367 axem
384 1340 465 1381 per
488 1333 632 1366 totum
653 1326 950 1381 pertinentem
967 1358 979 1378 ,
1023 1325 1246 1366 custodem
1289 1333 1331 1366 et
1360 1325 1474 1365 efl'e-

81 1394 262 1436 ctricem
289 1394 432 1435 noctis
454 1401 498 1435 et
522 1393 607 1435 diei
632 1394 914 1436 machinatus
945 1395 1026 1445 est,
1056 1393 1322 1450 primam'et
1351 1392 1474 1434 anti-

80 1463 331 1519 quisfimam
355 1462 542 1504 deorum
567 1462 644 1518 qui
663 1462 783 1503 intra
807 1464 981 1504 caelum
1014 1461 1215 1518 generati
1234 1462 1351 1503 sunt.
1383 1461 1474 1503 ho-

78 1547 184 1573 rum
213 1539 361 1573 autem
389 1531 588 1588 ipsorum
629 1531 812 1573 choreas
849 1539 1121 1586 mutuasque
1156 1532 1473 1580 concurfiones,

81 1608 124 1641 ct
145 1599 325 1641 orbium
358 1599 411 1641 ad
443 1601 579 1640 semet
600 1599 711 1656 ipsos
738 1601 1045 1641 conversiones
1076 1607 1119 1640 et
1143 1601 1472 1648 anteceffiones‚

80 1675 123 1709 ct
140 1667 185 1708 in
205 1667 592 1709 coniunctionibus
617 1667 693 1722 qui
716 1666 776 1707 dii
799 1681 940 1724 prope
961 1667 1337 1725 copulentur‚qui
1360 1682 1472 1708 con-

79 1738 215 1778 traria
237 1735 418 1792 regione
432 1766 444 1787 ‚
476 1744 518 1777 et
538 1751 654 1790 pone
675 1749 784 1789 quos
806 1743 884 1776 aut
903 1744 1006 1778 ante
1026 1735 1258 1784 labantur,
1292 1735 1472 1791 quibus-

78 1820 164 1861 que
190 1804 468 1861 temporibus
496 1804 617 1845 inter
635 1805 680 1844 se
698 1803 913 1858 nobisque
941 1804 1271 1846 abscondantur
1290 1805 1471 1845 rursus-

77 1890 165 1929 que
188 1875 340 1915 emersi
366 1882 559 1914 terrores
575 1880 617 1912 et
635 1873 748 1927 signa
768 1872 944 1928 posthac
972 1882 1297 1915 eventurorum
1319 1871 1374 1912 ad
1393 1886 1471 1913 ra-

77 1945 241 1985 tionem
262 1941 595 1983 subducendam
616 1941 869 1982 valentibus
899 1941 1136 1993 obiiciant,
1168 1942 1197 1982 fi
1216 1939 1362 1982 verbis
1384 1955 1470 1982 ex-

76 2011 245 2068 plicare
262 2025 478 2052 conemur
494 2010 616 2051 nulio
640 2010 774 2065 pofito
793 2009 873 2050 sub
895 2009 1045 2051 oculos
1059 2009 1288 2051 fimulacro
1311 2023 1470 2050 earum

77 2095 227 2123 rerum
243 2113 254 2133 ‚
286 2078 449 2121 frustra
471 2077 732 2135 suscipiatur
752 2078 893 2120 labor.
927 2078 997 2119 sed
1020 2077 1132 2120 haec
1151 2078 1249 2119 fatis
1277 2079 1375 2118 sunt
1398 2077 1469 2119 di-

77 2157 146 2190 cta
179 2148 333 2200 nobis,
373 2161 577 2203 quaeque
609 2148 663 2189 de
693 2148 883 2190 deorum
916 2148 991 2201 qui
1019 2154 1270 2187 cernuntur
1300 2145 1469 2201 quique

79 2217 164 2258 orti
182 2219 284 2258 sunt
302 2223 462 2258 natura
486 2215 678 2272 praefati
704 2217 854 2258 sumus
879 2216 1047 2258 habent
1067 2215 1188 2256 hunc
1205 2215 1467 2256 terminum.

189 2285 484 2340 Reliquorum
520 2293 671 2327 autem
713 2300 820 2341 quos
852 2286 988 2327 Lares
1021 2284 1207 2325 dicimus
1236 2290 1281 2323 et
1318 2297 1468 2324 enun-

79 2352 195 2394 ciare
219 2361 260 2393 et
283 2356 400 2394 nosse
422 2361 587 2400 ortum.
622 2353 759 2395 maius
781 2355 836 2394 est
856 2369 988 2407 quarn
1004 2368 1086 2409 pro
1106 2351 1275 2394 viribus
1296 2352 1464 2398 nostris.

77 2421 350 2463 credendum
387 2437 493 2463 vero
522 2423 673 2479 priscis
700 2423 787 2464 illis
815 2424 1031 2464 testibusa
1055 2422 1136 2464 diis
1159 2420 1382 2474 oriundis,
1414 2430 1464 2462 ut

78 2489 309 2540 dicebant,
348 2490 424 2543 qui
455 2498 620 2532 certam
655 2492 755 2533 sanc
787 2499 1104 2546 generatorum
1137 2490 1319 2531 suorum
1343 2490 1464 2531 noti-

77 2557 185 2600 tiam
209 2556 488 2600 habuerunt.-
519 2573 601 2600 nec
628 2558 727 2601 fieri
759 2559 943 2602 omnino
971 2559 1111 2617 potest
1137 2559 1309 2602 nullam
1339 2566 1383 2600 ut
1404 2557 1459 2599 fi-
