1657 2876
632 106 922 153 POLITIA
961 110 1016 153 x.
1456 116 1508 170 67

127 221 242 265 riam
274 218 607 278 occupationem
647 219 970 273 imitationem,
1013 231 1054 265 et
1087 239 1159 267 eos
1188 227 1263 282 qui
1299 228 1508 285 tragicam

126 292 274 348 poeffin
305 289 517 345 attingant
549 287 747 329 iambicis
779 296 826 330 et
854 289 1002 332 herois
1036 293 1227 336 versibus
1253 311 1406 338 onmes
1425 301 1508 339 este

125 359 366 402 imitatores
386 371 523 412 quam
545 356 741 397 maxime
760 355 859 397 fieri
881 359 1021 414 posfit.
1083 358 1200 401 Sane
1228 363 1420 417 quidem.

237 425 296 468 At
327 424 503 475 hercle,
547 424 757 479 inquam,
798 424 965 466 imitari
998 426 1104 466 illud
1143 442 1292 470 nonne
1323 431 1506 474 tertium

122 493 218 536 sere
237 494 294 534 est
318 508 342 533 a
370 494 576 536 veritate?
607 507 662 534 an
684 506 771 533 non
794 491 886 535 ita?
918 494 991 534 lta.
1045 494 1112 536 Ad
1131 510 1371 549 quamnam
1396 515 1506 542 vero

122 576 273 604 rerum
309 560 608 602 humanarum
649 558 740 601 vim
772 557 905 600 habet
937 575 1071 616 quam
1104 561 1269 607 habet?
1330 569 1397 608 D‹‚·
1419 583 1506 623 quo

119 629 279 684 rogas?
312 629 379 670 De
399 627 498 670 hoc.
525 628 674 669 eadem
703 627 829 669 nobis
855 631 1111 684 magnitudo
1127 632 1328 674 cominus
1344 643 1386 676 et
1403 637 1507 678 enni·

118 712 200 739 nus
220 698 409 753 spectata
429 712 519 738 non
541 695 734 750 aequalis
759 695 947 738 videtur.
1009 699 1200 740 Minime
1232 716 1355 745 vero.
1414 705 1508 746 Nec

120 781 260 822 curva
284 773 328 807 et
347 771 465 806 recta
486 771 575 804 tam
597 763 642 804 in
663 777 778 817 aqua
799 764 1097 820 spectantibus
1116 782 1250 822 quam
1274 777 1413 820 extra,
1430 787 1507 812 ue-

120 826 207 889 que
229 834 359 875 etiam
382 847 489 874 cava
520 838 561 872 et
584 831 828 872 eminentia
847 841 1037 889 propter
1068 835 1187 876 visus
1211 837 1259 877 in
1281 837 1506 880 coloribus

119 916 316 943 errorem
334 933 344 952 ‚
377 910 421 942 et
441 901 690 943 universam
716 901 833 943 hanc
857 902 994 957 liquet
1020 905 1408 958 perturbationem
1430 909 1506 950 in-

119 973 202 1013 effe
232 971 276 1011 in
305 968 456 1010 animo
480 970 649 1020 nostr03
680 969 726 1009 in
747 982 884 1023 quam
908 969 1088 1026 quidem
1119 982 1305 1015 naturae
1334 977 1505 1018 nostrae

119 1038 396 1080 affectionem
419 1036 594 1093 pictura
619 1050 731 1091 quae
763 1051 918 1078 verum
945 1040 1113 1081 fimulat
1132 1041 1346 1085 invadens
1370 1059 1505 1099 prae-

116 1106 340 1162 stigiarum
362 1106 472 1146 nihil
497 1103 813 1160 praetermittit
839 1113 883 1145 et
912 1121 984 1147 ars
1006 1108 1229 1151 miraculis
1253 1112 1504 1167 decipiendi

117 1181 160 1217 et
178 1174 288 1216 aliae
307 1175 471 1215 multae
494 1171 749 1213 huiusmodi
775 1172 1142 1217 machinationes.
1181 1179 1303 1219 Vera.
1340 1180 1503 1222 Nonne

117 1252 265 1286 autem
283 1241 493 1283 metiendi
516 1248 569 1281 et
588 1240 856 1281 numerandi
884 1249 929 1283 et
961 1244 1231 1298 ponderandi
1258 1256 1372 1288 artes
1395 1250 1502 1290 sub-

115 1312 220 1354 fidia
242 1311 470 1351 beltisfima
491 1308 577 1350 iltis
600 1317 802 1363 rep‹=rtae
820 1309 943 1356 sunt,
979 1317 1020 1350 ut
1049 1326 1103 1351 ne
1123 1312 1311 1367 imperet
1342 1316 1387 1357 in
1416 1333 1500 1358 no-

116 1379 181 1421 bis
201 1379 243 1420 id
268 1379 387 1434 quod
413 1377 619 1418 videatur
635 1376 778 1418 maius
808 1380 876 1419 vel
904 1377 1050 1420 minus
1075 1381 1142 1421 vel
1174 1384 1271 1435 ptus
1307 1385 1370 1424 ve!
1395 1399 1500 1439 gra-

116 1447 230 1500 vius,
243 1448 312 1488 sed
329 1446 369 1487 id
394 1446 510 1501 quod
533 1454 736 1486 numeret
759 1448 1023 1488 etmetiatur
1035 1456 1077 1488 et
1091 1438 1499 1508 poiideret2Qi1id-

116 1517 192 1561 ni?
227 1515 360 1570 Atqui
382 1515 467 1555 hoc
489 1514 581 1554 eius
602 1513 741 1554 animi
763 1514 902 1567 partis
933 1530 1045 1572 opus
1068 1517 1151 1558 erit
1182 1521 1498 1574 quae.ra‹i0nis

117 1582 174 1626 est
200 1585 426 1640 particeps.
448 1582 554 1623 Eius
573 1596 691 1621 vero.
726 1582 839 1623 Huic
861 1591 1012 1624 autem
1036 1585 1134 1626 licet
1159 1587 1325 1643 saepius
1348 1591 1497 1631 mensa

115 1655 164 1695 fit
192 1661 234 1693 et
254 1650 460 1707 significet
482 1650 644 1690 maiora
671 1653 752 1691 esse
768 1651 837 1692 vel
852 1651 1022 1692 minora
1035 1653 1116 1693 alia
1131 1654 1313 1695 aliisaut
1336 1670 1496 1710 aequa-

114 1722 196 1771 lia,
229 1718 450 1760 contraria
473 1719 684 1759 videntur
706 1718 828 1758 fimul
858 1718 911 1758 de
940 1719 1072 1761 rebus
1095 1721 1284 1762 eisdem..
1306 1721 1491 1767 Etiam.

113 1790 273 1831 Nonne
301 1800 409 1825 vero
448 1785 639 1826 diximus
675 1785 767 1826 ficui
808 1801 896 1826 non
934 1791 1053 1842 poffe
1082 1797 1129 1828 ut
1167 1789 1319 1829 eadem
1357 1789 1496 1831 animi

113 1863 241 1914 parte
262 1854 387 1895 fimul
411 1853 463 1893 de
486 1853 649 1894 eisdem
671 1855 893 1895 contraria
915 1855 1011 1909 quis
1032 1856 1273 1910 opinetur?
1296 1857 1357 1898 Ac
1378 1857 1496 1899 certe

114 1924 294 1980 quidem
320 1921 362 1961 id
387 1919 599 1962 diximus.
659 1921 723 1962 Ea
742 1920 878 1976 igitur
908 1923 1046 1964 animi
1082 1939 1183 1979 pars
1204 1939 1315 1979 quae
1339 1932 1497 1966 contra.

113 1992 367 2034 mensuram
401 1990 610 2045 opinatur
633 2005 722 2031 non
748 1990 902 2032 eadem
931 1989 1016 2033 erit
1046 2000 1176 2047 atque
1212 2007 1260 2033 ea
1291 2008 1405 2048 quae
1428 1994 1496 2033 se-

114 2060 309 2103 cundum
338 2058 606 2099 mensuram.
668 2058 766 2100 Non
786 2059 882 2101 erit.
945 2060 1035 2101 Iam
1059 2075 1164 2102 vero
1184 2076 1233 2101 ea
1258 2075 1371 2115 quae
1395 2076 1493 2103 me-

113 2129 262 2170 tiendo
285 2135 328 2168 et
347 2126 649 2168 ratiocinando
687 2125 871 2168 confidit
889 2127 1058 2183 optima
1092 2129 1176 2169 erit
1202 2130 1338 2170 animi
1360 2128 1498 2188 nostri

113 2212 228 2254 pars.
292 2194 500 2252 Quidni?
542 2194 607 2237 Ea
636 2195 772 2249 igitur
803 2209 917 2250 quae
948 2195 1054 2236 huic
1088 2205 1306 2252 repugnat
1336 2197 1493 2238 vilium

116 2265 262 2319 aliqua
291 2263 371 2303 erit
400 2263 444 2303 in
471 2262 600 2303 nobis
637 2263 845 2319 partium.
905 2263 1161 2305 Neceffario.
1226 2266 1321 2304 Hoc
1348 2266 1493 2320 ipsum

114 2347 225 2373 vero
259 2339 309 2372 ut
338 2332 456 2372 inter
485 2345 564 2371 nos
596 2332 856 2372 conveniret
888 2331 1088 2374 dicebam
1122 2340 1260 2373 artem
1284 2332 1493 2389 pingendi

116 2400 216 2440 etin
229 2398 484 2441 universum
507 2397 708 2440 imitandi
733 2402 891 2455 procul
907 2416 931 2441 a
948 2401 1357 2442 vennae—remotam
1381 2415 1491 2453 opus

113 2469 240 2509 suum
262 2467 427 2515 facere,
461 2473 582 2522 parte
604 2482 627 2507 a
650 2467 887 2524 prudentia
908 2469 1063 2523 procul
1086 2476 1258 2509 remota
1282 2467 1342 2507 uti
1364 2468 1490 2522 eique

112 2535 272 2576 sociam
297 2542 340 2575 et
361 2533 547 2575 amicam
575 2537 655 2576 effe
679 2536 789 2577 nihil
807 2535 932 2593 probi
956 2550 1037 2576 nec
1071 2537 1168 2578 veri
1202 2538 1488 2593 spectantem.

112 2603 308 2656 Prorsus,
340 2602 496 2657 inquit.
554 2602 661 2646 Vilis
689 2618 792 2660 ergo
815 2604 891 2646 vili
914 2612 1039 2645 utens
1069 2604 1170 2647 vilia
1186 2611 1398 2661 procreat
1419 2617 1489 2644 ars

1125 2673 1157 2713 1³„
1192 2687 1211 2712 ’Δ
1242 2694 1245 2696 -
1287 2696 1290 2698 Δ
