1657 2876
621 119 915 166 POLITIA
951 122 1008 171 X.
1445 126 1499 172 83

116 239 271 283 ximus
300 235 452 280 omnia
482 247 564 291 per
588 233 764 276 insitam
796 236 1086 293 pravitatem,
1118 253 1231 295 quae
1260 240 1499 285 obsidendo

118 316 164 350 et
189 303 462 349 inhaerendo
489 303 765 360 corrumpit,
808 319 861 346 eo
890 307 1164 361 perveniunt
1201 317 1251 352 ut
1282 326 1362 353 nec
1390 312 1498 365 fint3

115 389 263 419 nonne
290 371 387 415 ita?
428 371 587 414 Etiam.
646 372 740 428 Age
768 372 902 425 dum,
943 372 1077 415 etiam
1110 377 1312 420 animum
1341 381 1499 422 eadem

114 443 288 487 ratione
308 440 556 482 considera:
577 454 689 482 num
716 441 924 484 iniustitia
945 455 1060 497 quae
1078 441 1123 483 in
1138 457 1188 483 eo
1209 444 1313 487 inest
1335 456 1377 489 et
1390 449 1500 490 reli-

114 527 199 570 qua
221 508 416 567 pravitas
434 508 707 551 inhaerendo
726 517 769 551 et
789 509 1030 552 obsidendo
1055 525 1156 552 eum
1182 516 1432 573 corrumpit
1457 524 1499 558 et

113 578 358 630 consumit,
400 577 509 619 dum
538 577 592 619 ad
622 585 815 619 mortem
850 593 953 620 eum
987 581 1231 636 perducens
1262 596 1286 623 a
1316 599 1500 641 corpore

111 646 317 704 separet?
345 646 662 701 Nequaquam,
692 644 862 702 inquit,
893 646 990 689 hoc.
1053 647 1110 690 At
1131 664 1239 691 vero
1270 649 1379 693 illud
1405 668 1498 695 non

111 717 171 758 est
199 715 571 765 consentaneum,
603 713 807 768 inquam,
840 714 953 756 alius
986 716 1167 771 quidem
1202 719 1269 759 rei
1299 722 1499 776 pravita-

106 791 203 827 tem
226 784 416 842 perdere
434 781 612 837 aliquid,
628 782 858 839 propriam
882 791 1029 825 autem
1054 799 1144 827 non
1168 786 1366 842 perdere.
1397 789 1498 830 Non

112 854 171 895 est
191 854 554 895 consentaneum.
613 850 770 906 Cogita
794 852 929 897 enim,
961 851 1159 906 inquam,
1192 854 1384 909 Glauco,
1415 871 1498 898 nec

111 921 312 963 ciborum
337 918 571 976 pravitate,
593 932 903 974 quaecumque
922 933 1078 962 eorum
1102 921 1295 978 ipsorum
1320 924 1384 975 fit,
1414 925 1498 966 five

112 990 302 1031 vetustas
322 988 412 1028 five
438 987 628 1044 putredo
651 987 738 1027 five
759 987 844 1028 alia
864 1002 1195 1046 quaecumque,
1227 1006 1306 1033 nos
1337 1000 1498 1048 putare

112 1057 397 1117 pereundum
422 1059 505 1098 esse
537 1053 740 1111 corpori,
776 1053 870 1106 sed,
900 1056 928 1096 fi
962 1056 1145 1099 illorum
1172 1059 1366 1115 pravitas
1393 1076 1497 1102 cor-

111 1124 216 1183 pori
251 1123 422 1165 iniiciat
451 1123 650 1180 corporis
677 1122 862 1174 vitium,
893 1124 1092 1166 dicemus
1114 1126 1156 1167 id
1180 1142 1262 1183 per
1293 1128 1390 1170 illos
1420 1129 1496 1171 suo

109 1194 254 1252 ipsum
277 1192 390 1234 vitio
423 1191 501 1244 qui
523 1189 704 1232 morbus
722 1191 770 1231 fit
792 1190 960 1245 perire,
992 1192 1191 1235 ciborum
1219 1203 1368 1237 autem
1391 1212 1498 1253 pra-

110 1262 248 1304 vitate
278 1260 356 1316 qui
379 1258 542 1300 diverfi
566 1260 646 1300 fint
676 1271 835 1314 corpus
866 1258 981 1313 quod
1011 1260 1233 1304 diversum
1256 1264 1329 1311 fii,
1362 1266 1405 1307 id
1426 1267 1498 1322 est,

112 1330 257 1372 alieno
286 1329 406 1370 malo
440 1327 557 1384 quod
597 1342 690 1368 non
722 1326 888 1369 iniiciat
917 1327 1091 1370 infitum
1122 1330 1319 1383 malum,
1360 1349 1496 1376 num-

112 1412 249 1454 quam
272 1397 542 1438 censebimus
565 1395 808 1452 corrumpi.
869 1395 1139 1447 Rectissime,
1170 1397 1339 1455 inquit,
1371 1401 1494 1443 dicis.

110 1465 280 1508 Eadem
302 1464 439 1521 igitur
457 1463 646 1515 ratione,
667 1464 868 1518 inquam,
887 1465 916 1505 fi
945 1464 1144 1521 corporis
1167 1466 1324 1509 vitium
1345 1470 1495 1511 animo

113 1549 203 1576 non
229 1532 368 1575 injicit
395 1532 536 1574 animi
568 1531 753 1580 vitium,
793 1546 1040 1588 numquam
1069 1534 1324 1578 censeamus
1351 1537 1495 1580 alieno

112 1602 231 1645 malo
260 1602 348 1642 fine
364 1600 547 1655 propria
582 1598 798 1654 pravitate
820 1600 1022 1642 animum
1046 1602 1215 1657 perire,
1242 1603 1405 1660 quippe
1423 1604 1496 1647 di-

111 1669 292 1711 versum
316 1668 379 1709 rei
401 1666 600 1708 diversae
622 1665 753 1708 malo.
793 1665 1152 1710 Consentaneum
1177 1685 1286 1712 vero
1310 1671 1389 1722 est,
1420 1673 1495 1714 in-

114 1738 221 1793 quit.
283 1737 372 1778 Aut
397 1735 532 1790 igitur
562 1734 671 1775 haec
703 1734 1026 1777 convincamus
1048 1752 1138 1778 uon
1164 1745 1283 1778 recte
1314 1753 1393 1781 nos
1422 1741 1493 1783 su-

111 1819 249 1854 mere,
271 1811 362 1854 aut,
390 1802 535 1857 quoad
560 1817 649 1842 non
665 1802 762 1842 sunt
785 1803 1000 1850 convicta,
1022 1819 1268 1860 numquam
1292 1806 1493 1850 dicamus

109 1871 223 1914 febri
254 1872 329 1913 vel
363 1871 450 1912 alio
479 1869 638 1911 morbo
666 1883 812 1924 neque
842 1872 971 1913 etiam
993 1873 1147 1925 caede,
1179 1889 1323 1929 neque
1341 1877 1368 1918 fi
1394 1877 1494 1932 quis

109 1941 158 1983 in
177 1947 324 1997 partes
346 1953 482 1994 quam
503 1937 814 1980 minutissimas
836 1947 982 1979 totum
1004 1954 1163 1997 corpus
1181 1942 1315 1993 secet,
1333 1944 1494 1987 iccirco

111 2008 313 2051 animum
343 2007 510 2065 perire,
540 2005 801 2063 priusquam
836 2007 991 2063 aliquis
1019 2007 1279 2063 probaverit
1305 2025 1385 2067 per
1415 2013 1494 2055 has

113 2076 311 2134 corporis
336 2074 586 2117 affectiones
613 2074 755 2129 ipsum
784 2074 913 2116 illum
945 2074 1219 2119 iniustiorem
1251 2080 1495 2137 etimpro—

112 2145 282 2187 biorem
304 2146 510 2186 exsistere.
572 2142 718 2184 alieno
748 2151 897 2183 autem
926 2145 1043 2185 malo
1072 2144 1118 2185 in
1144 2145 1228 2187 alio
1250 2148 1491 2196 exsistente.

113 2211 296 2269 proprio
318 2227 423 2254 vero
448 2212 656 2266 cuiusque
682 2226 773 2253 non
807 2210 1088 2262 inhaerente,
1124 2228 1267 2269 neque
1289 2217 1493 2260 animum

113 2295 259 2335 neque
281 2281 397 2323 aliud
421 2282 522 2337 quid
543 2282 735 2322 finamus
752 2278 895 2320 dicere
918 2295 1191 2335 quemquam
1211 2283 1374 2339 perire.
1431 2287 1493 2329 At

115 2362 250 2399 vero,
271 2348 437 2405 inquit,
456 2348 539 2390 hoc
561 2348 741 2404 quidem
767 2362 899 2390 nemo
921 2363 1134 2404 umquam
1157 2351 1371 2400 ostendet,
1392 2369 1492 2396 mo-

115 2416 329 2458 rientium
370 2420 537 2459 animos
564 2417 811 2458 iniustiores
837 2430 916 2472 per
949 2425 1139 2460 mortem
1172 2418 1375 2462 evadere.
1446 2421 1492 2464 Si

115 2484 208 2541 quis
232 2491 394 2540 autem,
413 2485 614 2541 inquam,
627 2485 876 2528 orationem
900 2485 1093 2528 nostram
1118 2486 1354 2531 conabitur
1380 2488 1493 2532 ado-

1125 2689 1213 2732 1³2
