1657 2876
556 144 900 188 TIMAEUS.
1338 160 1418 202 229

37 258 247 315 frigerata
279 259 426 301 minus
451 258 680 301 laboraret
711 255 942 312 magisque
975 258 1137 300 rationi
1167 259 1257 316 ipsa
1287 259 1420 301 adiu-—

37 334 172 369 vante
201 326 559 370 excandescentia
590 324 726 381 posset
753 323 1080 380 obtemperare.
1139 326 1249 368 Eam
1281 341 1418 382 porro

37 395 173 437 animi
199 403 369 453 partem
384 408 499 449 quae
516 394 737 435 esculenta
751 400 793 435 et
808 393 1037 449 potulenta
1055 394 1224 449 appetit
1242 395 1420 437 omnia-

37 477 123 517 que
153 478 344 519 quorum
381 462 549 518 indiget
580 469 769 519 propter
799 460 1000 515 corporis
1029 468 1263 513 naturam,
1304 463 1420 508 intel:

34 532 295 586 praecordia
316 531 646 586 terminumque
667 530 718 571 ad
743 529 998 571 umbilicum
1018 531 1314 587 pertinentem
1327 531 1420 572 col-

34 599 261 651 locarunt,
293 606 522 655 tamquam
546 600 757 656 praesepe
787 599 834 640 in
863 597 1072 640 universo
1106 598 1192 639 hoc
1222 599 1419 656 corporis

34 667 134 709 loco
156 667 366 709 alimento
389 667 588 710 fabricati
605 684 617 713 ς
637 675 770 723 atque
792 666 1044 725 deligat-unt
1062 666 1183 708 illam
1197 667 1286 708 huc
1312 682 1418 722 qua·

33 737 62 776 fi
85 735 281 777 belluam
306 735 447 779 feram
468 736 704 779 necessario
725 750 866 791 quum
890 736 1064 792 alligata
1087 738 1188 777 effet
1209 735 1420 776 nutrien-

34 802 134 845 dam
149 836 160 854 ‚
203 805 416 859 siqnidem
444 805 636 847 mortale
658 805 896 860 aliquando
915 819 1054 859 genus
1074 804 1279 847 futurum
1303 804 1418 844 effet.

33 878 84 913 ut
105 872 240 927 igitur
257 873 433 931 semper
455 874 679 915 nutritum
703 874 758 915 ad
780 874 989 930 praesepe
1011 880 1074 926 et„
1098 888 1274 929 quuma
1294 878 1421 928 parte

35 940 289 982 consulente
309 957 443 996 quam
467 941 711 997 longissime
729 941 976 991 habitaret,
1011 942 1253 983 tumultum
1275 948 1316 981 et
1336 940 1420 982 cla-

35 1024 207 1051 morem
237 1024 371 1064 quam
396 1009 635 1051 minimum
672 1011 803 1051 edens
832 1010 1052 1065 optimam
1086 1008 1222 1051 animi
1247 1015 1419 1065 partem

34 1079 272 1132 tranquille
307 1078 361 1118 de
383 1094 434 1118 eo
467 1078 586 1132 quod
617 1077 826 1119 omnibus
860 1078 1165 1119 communiter
1198 1076 1421 1118 conduce-

32 1153 102 1188 ret
127 1146 358 1188 confilium
375 1145 488 1187 inire
512 1148 683 1199 sineret,
715 1147 829 1188 hanc
850 1145 906 1188 ob
929 1147 1105 1188 causam
1130 1146 1250 1187 hunc
1273 1143 1313 1196 ei
1337 1144 1420 1186 de-

32 1214 193 1256 derunt
233 1215 395 1256 locum.
446 1214 626 1255 scientes
661 1223 808 1256 autem
850 1229 947 1256 eam
975 1213 1193 1254 rationem
1219 1228 1312 1255 non
1338 1215 1419 1254 effe

31 1282 362 1324 intellecturam
389 1289 457 1335 et,
487 1282 592 1324 licet
615 1281 728 1323 forle
749 1282 881 1323 ctiam
904 1281 1091 1323 alicuius
1111 1282 1256 1322 sensus
1279 1281 1421 1336 parti-

31 1365 134 1406 ceps
156 1350 308 1404 fieret,
350 1357 501 1392 tamen
534 1349 622 1390 hoc
653 1350 694 1390 ei
726 1365 825 1391 nou.
844 1350 1019 1391 insitum
1043 1348 1210 1390 forent
1229 1348 1421 1390 rationes

33 1418 246 1474 quasdam
270 1426 469 1469 curaret,
500 1417 572 1459 sed
594 1435 618 1460 a
641 1417 882 1460 simulacris
907 1425 950 1458 et
975 1417 1071 1459 vifis
1095 1424 1247 1458 noctes
1272 1415 1419 1457 etdies

32 1486 232 1528 maximo
262 1485 473 1528 allectum
501 1485 582 1537 iri,
614 1486 667 1527 de
688 1486 780 1528 hoe
794 1487 927 1541 igitur
950 1485 1150 1541 cogitans
1163 1484 1312 1525 .'deus
1302 1499 1420 1525 leco-

31 1555 92 1597 ris
115 1553 306 1613 speeiem
337 1568 438 1594 cum
466 1568 515 1594 ea
550 1553 784 1595 coniunxit
816 1562 860 1594 et
881 1554 927 1595 in
949 1553 1083 1594 huius
1108 1567 1204 1593 tam
1229 1551 1421 1594 domici—

30 1622 92 1664 lio
112 1621 366 1672 collocavit,
399 1620 586 1663 densum
616 1629 660 1663 et
681 1621 781 1662 leve
801 1629 845 1662 et
862 1621 951 1665 solt·
957 1607 1140 1662 ndidtim
1162 1628 1204 1661 et
1226 1620 1358 1661 dulce
1378 1628 1422 1661 et

32 1705 158 1732 amar
163 1704 238 1731 um
261 1690 564 1742 machinatus,
595 1697 645 1731 ut
665 1688 709 1730 in
732 1705 782 1729 eo
806 1688 1124 1745 cogitationum
1148 1687 1210 1730 vis
1237 1702 1260 1728 e.
1279 1689 1422 1729 ratio-

31 1773 88 1801 ne
108 1757 405 1814 proficiscens,
437 1758 562 1799 velut
584 1756 630 1798 in
651 1757 825 1813 speculo
847 1757 998 1798 firmas
1019 1755 1263 1811 recipiente
1283 1754 1421 1797 visui·

32 1841 118 1883 que
146 1826 359 1882 imagines
392 1824 654 1871 exhibente,
688 1833 878 1867 terreret
906 1826 1056 1876 illam,
1088 1824 1268 1879 quando
1293 1830 1422 1880 parte

32 1894 323 1939 amaritudini
350 1903 535 1950 cognata
568 1896 643 1936 usa
675 1902 718 1936 et
747 1894 812 1936 ad.
829 1907 989 1950 graves
1021 1894 1246 1949 progrefl‘a
1274 1892 1420 1933 minas

30 1979 114 2021 per
134 1970 281 2004 totum
311 1963 353 2005 se
373 1963 575 2004 celeriter
597 1962 859 2005 admisceret
880 1961 1000 2003 iecur
1021 1967 1064 2002 et
1085 1962 1254 2004 colores
1279 1962 1418 2002 osten-

32 2031 158 2075 deret
194 2030 327 2073 bilem
365 2030 599 2073 reddentes
637 2031 995 2084 contrahensque
1029 2036 1170 2072 totum'
1203 2030 1419 2083 rugosum

33 2108 75 2141 et
101 2101 306 2156 asperum
331 2099 545 2152 efficeret,
579 2115 676 2142 eam
697 2106 844 2142 autem
860 2105 1033 2154 partem
1054 2096 1131 2153 qui
1158 2096 1286 2139 Iobus
1307 2097 1419 2138 ‹liei-

32 2176 106 2209 tur
131 2176 174 2209 et
202 2169 480 2226 receptacula
512 2176 755 2226 portasque
780 2166 942 2224 partim
966 2181 988 2207 a
1010 2173 1130 2208 recto
1141 2166 1254 2207 -statu
1281 2165 1420 2207 defle-

33 2244 157 2278 ctens
185 2245 230 2278 et
265 2239 582 2294 co11stringens‚
624 2236 785 2294 partim
817 2233 1106 2291 intersepiens
1134 2240 1175 2274 et
1208 2234 1418 2277 claudens

33 2305 204 2348 dolores
225 2313 269 2351 et
293 2321 478 2361 angores
502 2304 706 2354 efficeret,
723 2312 766 2346 et
787 2303 964 2361 quando
990 2302 1210 2344 contraria
1229 2302 1316 2343 visa
1336 2302 1418 2343 de-

30 2373 235 2432 pingeret
256 2373 605 2417 mansuetudinis
621 2372 812 2430 'quidam
837 2387 859 2412 e
895 2370 1157 2426 cogitatione
1183 2369 1415 2427 profectus

31 2441 230 2493 afflatus,
273 2441 579 2484 amaritudinis
602 2442 800 2500 'quietem
840 2439 1029 2482 afferens
1051 2453 1102 2486 eo
1131 2438 1249 2495 quod
1273 2451 1416 2492 neque

32 2526 214 2553 movere
236 2526 378 2567 neque
408 2510 626 2566 attingere
646 2510 780 2553 vellet
797 2507 1063 2552 contrariam
1089 2506 1163 2549 filu·
1192 2515 1414 2556 naturann
