1657 2876
650 71 942 117 POLITIA
970 72 1022 116 X.
1421 75 1500 118 105

114 191 251 235 animi
270 189 424 232 habitu
444 185 781 243 qualiscumque
803 186 861 226 est
885 186 990 227 mali
1010 194 1086 228 aut
1113 187 1220 230 boni
1241 187 1425 241 efficiat,
1456 196 1502 232 et

115 261 222 317 quid
249 258 418 316 generis
438 254 645 312 splendor
669 261 746 294 ant
770 252 1022 303 humilitas,
1054 256 1140 297 vita
1164 258 1332 313 privata
1354 265 1397 297 et
1416 256 1498 299 im-

112 329 260 386 peria,
293 326 431 368 robur
459 330 501 364 et
533 321 836 373 imbecillitas,
868 321 1096 379 ingenium
1129 324 1269 366 docile.
1298 332 1341 366 et
1367 325 1499 366 indo-

110 398 192 440 cile
211 394 447 447 omniaque
475 390 674 432 eiusdem
696 391 872 447 generis
901 406 1015 447 quae
1049 392 1123 432 vel
1155 400 1312 435 natura
1345 393 1497 434 animo

107 465 340 508 inhaerent
361 462 430 503 vel
451 460 762 516 acquiruntur,
777 461 879 517 quid
901 460 1037 518 igitur
1057 460 1165 501 haec
1188 459 1307 501 inter
1326 462 1367 501 se
1384 477 1497 502 con-

106 533 212 576 flata
231 529 447 583 efficiant,
478 536 527 571 ut
550 543 606 571 ex
632 529 840 571 omnibus
860 531 948 572 illis
973 528 1184 583 colligens
1208 528 1372 584 eligere
1394 529 1497 584 pos..

105 603 166 650 sit,
192 599 244 642 ad
267 598 408 641 animi
432 607 635 640 naturam
656 599 878 655 spectans,
896 597 1163 641 deteriorem
1187 611 1238 639 ac
1262 597 1496 639 meliorem

103 668 267 719 vitam,
299 667 565 709 deteriorem
589 667 766 722 quidem
789 683 953 710 vocans
974 682 1088 724 quae
1112 666 1253 723 ipsum
1286 680 1336 706 eo
1359 665 1494 706 ducat

102 745 152 778 ut
173 735 372 778 iniustior
394 736 817 786 exsistat‚meliorem
838 745 985 778 autem
1011 734 1360 791 quaeiustiorem
1386 748 1492 775 eum

100 804 282 852 reddat,
315 805 489 858 reliqua
514 820 625 846 vero
645 804 795 845 omnia
818 807 937 847 miffa
968 803 1125 855 faciat3
1155 802 1347 844 vidimus
1369 799 1493 842 enim

100 874 218 917 hauc
250 882 339 916 tam
374 875 547 916 viventi
568 888 701 930 quam
734 880 914 914 mortuo
946 874 1160 930 optimam
1194 874 1277 914 effe
1308 868 1494 911 electio·-

100 958 221 984 nem.
252 941 499 984 firmissime
521 943 656 999 igitur
681 956 782 982 eum
807 950 983 997 oportet
1002 943 1117 984 hanc
1138 939 1396 982 sententiam
1423 947 1492 979 te·-

100 1018 285 1052 nentem
313 1010 367 1051 ad
397 1010 563 1052 interos
587 1010 735 1057 abire,
767 1016 816 1049 ut
844 1009 904 1050 ibi
936 1025 1113 1066 quoque
1147 1024 1294 1064 neque
1324 1007 1491 1049 divitiis

97 1093 244 1132 neque
272 1079 368 1120 aliis
395 1078 650 1120 huiusmodi
672 1078 798 1119 malis
828 1079 1139 1136 perturbetur,
1171 1093 1254 1118 nec
1289 1076 1491 1118 incidens

96 1147 141 1188 in
167 1146 429 1202 tyrannides
451 1147 650 1201 aliasque
672 1146 891 1188 eiusmodi
906 1147 1101 1188 actiones
1123 1147 1264 1188 multa
1280 1144 1491 1187 commit-

98 1221 163 1255 tat
182 1212 442 1255 insanabilia
466 1212 665 1255 facinora
681 1246 691 1264 ‚
724 1222 854 1267 atque
876 1215 1011 1256 etiam
1044 1214 1214 1256 maiora
1235 1214 1324 1270 ipse
1345 1213 1492 1268 patia-

96 1291 194 1334 tur,
217 1281 286 1323 sed
313 1281 525 1336 intelligat
543 1282 738 1323 mediam
761 1283 937 1337 semper
962 1283 1123 1323 harum
1149 1281 1289 1323 vitam
1317 1282 1489 1337 eligen—

96 1350 198 1393 dam
221 1359 265 1392 et
285 1350 497 1405 fugienda
518 1354 601 1392 esse
619 1365 734 1406 quae
752 1353 798 1392 in
820 1352 1084 1393 alterutram
1104 1358 1277 1407 partem
1301 1351 1488 1392 modum

36 1424 41 1429 ”
95 1419 313 1461 excedant
339 1419 448 1460 etin
476 1419 609 1461 hacce
642 1419 736 1460 vita
764 1419 907 1476 quoad
942 1419 1039 1461 eius
1073 1418 1169 1460 fieri
1199 1418 1330 1475 possit
1363 1426 1406 1459 et
1437 1417 1487 1459 in

93 1488 216 1529 omni
238 1489 432 1544 postera3
463 1488 526 1529 ita
550 1488 668 1530 enim
693 1488 959 1529 beatisfimus
977 1488 1132 1529 extistit
1155 1487 1308 1528 homo.

207 1556 354 1610 Atque
376 1558 506 1597 etiam
530 1564 627 1597 tuni
660 1558 849 1599 nuncius
882 1557 1005 1598 istinc
1038 1556 1222 1597 veniens
1255 1553 1487 1598 nunciavit

94 1632 242 1666 vatem
265 1624 373 1665 haec
402 1622 578 1666 dixiffe:
612 1624 757 1666 Etiam
783 1626 1000 1680 postremo
1027 1624 1282 1674 accedenti,
1314 1625 1342 1664 fi
1363 1638 1480 1679 pru-

93 1692 251 1733 denter
283 1692 403 1747 eligit
430 1700 474 1732 et
502 1699 707 1734 contente
737 1692 870 1740 vivit,
910 1693 1132 1748 proposita
1164 1693 1222 1734 est
1248 1692 1339 1733 vita
1370 1707 1484 1747 pro—

90 1760 214 1812 bata,
245 1775 335 1801 non
363 1760 492 1801 mala.
525 1775 672 1813 neque
696 1760 772 1812 qui
798 1760 955 1815 incipit
974 1759 1235 1801 electionem
1258 1761 1482 1814 negligens

90 1831 173 1870 esto
193 1843 336 1882 neque
354 1827 430 1882 qui
451 1842 549 1868 ean]
572 1826 671 1868 finit
691 1827 935 1885 desperato,
984 1828 1114 1885 Quae
1134 1843 1274 1882 quum
1300 1828 1480 1881 dixiffet,

89 1913 193 1939 eum
217 1896 293 1952 qui
315 1897 489 1954 primus
514 1897 674 1937 sortem
701 1896 891 1939 duxisset
918 1897 1122 1938 narravit
1148 1897 1288 1938 statim
1320 1912 1481 1954 proce-

88 1966 268 2008 dentem
294 1965 537 2006 maximam
560 1966 730 2020 elegiffe
750 1965 1039 2022 tyrannidem
1056 1997 1067 2017 ,
1099 1974 1141 2006 et
1160 1980 1266 2022 prae
1290 1965 1480 2006 demen-

88 2035 148 2077 tia
167 2042 302 2090 atque
331 2033 567 2074 insatiabili
595 2033 836 2090 cupiditate
856 2049 946 2076 non
976 2034 1128 2076 onmia
1155 2035 1254 2076 satis
1279 2048 1478 2090 perpen-

89 2103 266 2144 dentem
290 2117 386 2142 eam
413 2100 609 2156 elegiffe‚
640 2103 711 2144 sed
740 2102 891 2159 fugisse
917 2118 1021 2144 eum
1052 2102 1136 2143 hoc
1162 2101 1300 2144 satum
1328 2102 1474 2149 ineffe,

92 2178 139 2213 ut
157 2172 254 2213 suos
284 2170 375 2226 ipse
406 2168 566 2211 liberos
598 2179 778 2212 voraret
800 2171 975 2228 aliaque
1002 2170 1201 2213 facinora
1228 2170 1476 2213 committe-

90 2245 182 2288 ret3
211 2238 288 2280 ubi
319 2254 426 2280 vero
454 2254 532 2293 per
564 2240 704 2282 otium
737 2240 1060 2298 perpenderet,
1092 2239 1242 2298 plangi
1273 2247 1315 2280 et
1345 2239 1475 2294 queri

90 2306 146 2347 de
168 2307 381 2349 electione
402 2309 518 2362 quod
544 2324 634 2350 non
661 2309 928 2352 observasset
948 2324 971 2350 a
994 2316 1092 2350 vate
1111 2309 1357 2364 praedicta3
1391 2323 1474 2349 ne-

88 2390 176 2430 que
199 2375 319 2417 enim
341 2374 415 2416 fibi
437 2377 609 2418 causam
630 2378 872 2420 attribuere
897 2379 1116 2419 matorum
1132 2410 1142 2429 ‚
1169 2378 1241 2419 sed
1263 2377 1473 2418 fortunae

88 2451 132 2483 et
157 2442 295 2497 geniis
317 2444 610 2501 omnibusque
629 2446 777 2502 potius
794 2461 926 2502 quarn
943 2445 1028 2488 fibi.
1052 2445 1174 2488 fuisse
1196 2455 1346 2490 autem
1369 2459 1470 2486 eum

88 2525 143 2551 ex
163 2509 246 2551 iilis
279 2510 356 2566 qui
381 2527 404 2552 e
431 2515 549 2555 caelo
574 2516 808 2566 venissent,
843 2524 887 2557 et
910 2515 953 2555 in
982 2515 1157 2556 civitate
1178 2515 1291 2555 bene
1315 2513 1470 2556 cousti-

87 2585 184 2622 tuta
206 2578 357 2635 priore
372 2579 420 2624 in
442 2581 534 2624 vita
555 2581 726 2639 vixisse,
745 2583 1064 2628 consuetudine
1085 2585 1172 2627 fine
1193 2581 1471 2643 philosophia
