1657 2876
585 112 887 157 POLITIA
922 116 980 160 x,
1153 171 1156 174 ‚
1390 131 1469 177 107

92 224 572 289 excidiffet,proceffifle
591 228 834 270 electurum
849 243 861 280 3
875 227 1159 271 recordatum
1181 237 1330 273 autem
1349 230 1474 288 prio-

92 314 197 343 rum
228 310 542 342 aerumnarum
577 294 817 338 ambitione
839 295 1032 352 depofita
1060 299 1312 353 quaefiviffe
1338 298 1474 341 ober-

92 376 266 411 rantem
291 367 366 410 diu
387 366 472 407 viri
495 365 636 408 vitam
657 364 820 422 privati
841 372 883 406 et
907 364 1049 416 otiofi,
1072 365 1242 421 vixque
1262 367 1474 410 invenifl‘e

91 436 256 479 alicubi
275 436 394 477 fitam
416 442 459 475 et
478 435 725 491 neglectam
747 449 773 476 a
793 433 984 490 reliquis,
1002 441 1138 489 atque
1159 434 1309 477 dixiss'e
1331 451 1474 492 quum

92 519 190 546 eam
224 503 421 556 vidiffet‚
453 502 572 545 idem
605 504 649 544 se
679 501 908 545 facturum
943 502 1069 546 fuiffe
1099 504 1233 546 etiam
1270 506 1297 545 fi
1329 507 1475 562 prima

92 575 219 630 ipsius
239 573 332 613 sors
364 571 608 624 excidisset,
642 579 684 613 et
714 571 905 614 libenter
926 573 968 612 se
1002 587 1101 613 eam
1133 572 1314 629 elegiffe.
1347 582 1391 614 et
1419 589 1475 616 ex

89 641 271 696 reliquis
302 655 479 696 quoque
503 639 809 682 animantibus
837 641 1034 684 similiter
1061 641 1235 683 animos
1254 641 1302 684 in
1325 641 1477 684 homi-

91 722 166 752 nes
187 708 388 764 migrasse
417 708 525 750 etin
546 709 589 750 se
608 709 804 751 invicem
820 743 830 762 ,
857 709 1013 752 iniusta
1037 710 1083 752 in
1105 710 1223 758 fera,
1256 710 1365 752 iusta
1389 726 1474 752 au-

89 775 238 818 temin
253 778 478 819 mansueta
499 778 791 830 transeuntia,
805 779 1014 835 omnique
1027 780 1162 821 modo
1182 779 1301 821 inter
1322 779 1365 819 se
1386 782 1478 820 mi-

91 844 213 887 iceri.
259 860 396 900 quum
427 860 535 887 vero
570 862 725 888 omnes
756 847 891 889 animi
918 848 1031 889 vitas
1063 848 1310 904 elegissent,
1340 856 1477 905 prout

92 914 184 955 sors
206 913 418 969 cuiusque
437 915 684 967 excidisset,
705 931 758 956 ex
779 916 933 957 ordine
951 919 1159 960 accesfiffe
1176 917 1228 959 ad
1250 917 1476 966 Lacloefin,

95 995 208 1036 quae
231 981 393 1038 cuique
425 999 557 1038 quem
594 983 784 1039 elegiffet
810 983 990 1037 genium
1011 985 1233 1027 custodem
1258 986 1377 1027 vitae
1405 993 1478 1027 at-

93 1050 302 1092 tribuerit
339 1058 382 1092 et
420 1051 675 1093 effectorem
715 1066 875 1094 eorum
907 1067 1022 1106 quae
1057 1052 1234 1095 animus
1271 1054 1477 1110 elegisset.

91 1117 212 1159 hunc
242 1127 388 1160 autem
421 1120 621 1176 primum
655 1119 824 1162 duxiffe
854 1135 955 1162 eun]
984 1121 1038 1161 ad
1068 1120 1258 1164 Clothus
1290 1138 1477 1166 manum

92 1185 260 1241 fufique
277 1188 320 1228 se
338 1187 527 1228 rotantis
546 1189 1046 1240 conve1·s1011em,ratam
1066 1189 1328 1232 efficientem
1344 1206 1477 1245 quam

93 1255 280 1311 elegiffet
297 1257 487 1308 sortem3
508 1250 621 1298 hanc
645 1272 752 1298 vero
775 1257 852 1298 ubi
875 1257 1080 1312 attigisset
1098 1260 1250 1300 rursus
1271 1259 1324 1300 ad
1341 1259 1479 1302 Atro-

92 1338 185 1377 pon
217 1339 321 1366 eum
350 1324 524 1367 duxiffe
552 1332 735 1366 nentem
763 1332 815 1365 ut
837 1325 1132 1368 immutabilia
1162 1326 1369 1368 redderet
1395 1329 1479 1368 sta-

92 1393 216 1435 mina
242 1393 422 1446 fatalia3
456 1393 560 1435 hinc
584 1409 693 1436 vero
723 1409 913 1451 propere
943 1395 998 1436 ad
1021 1395 1292 1438 Necesfitatis
1318 1396 1479 1438 solium

96 1462 138 1502 se
157 1461 404 1518 profectum
433 1467 536 1511 esse;
570 1479 647 1519 per
667 1463 784 1517 quod
805 1478 946 1518 quum
970 1466 1215 1520 pervafiffet
1237 1479 1341 1506 cum
1368 1465 1480 1508 reli-

35 1575 47 1586 ἱ
96 1530 217 1586 quis,
258 1531 497 1587 perrexiffe
529 1539 710 1573 cunctos
747 1531 794 1572 in
821 1532 979 1574 Lethes
1009 1547 1222 1588 campum
1247 1533 1296 1575 in
1332 1534 1480 1576 calore

95 1599 300 1653 aestuque
321 1600 613 1650 vehemente3
639 1598 761 1640 fuiffe
783 1600 902 1641 enim
930 1601 1057 1642 illum
1079 1600 1315 1643 arboribus
1339 1602 1479 1644 omni-

96 1667 271 1723 busque
300 1683 414 1723 quae
442 1677 563 1709 terra
600 1667 795 1723 gigneret
831 1684 1035 1711 vacuum.
1079 1669 1321 1711 recubuisse
1342 1669 1482 1726 igitur

97 1735 214 1791 ipsos
247 1751 386 1790 quum
415 1735 501 1776 iam
540 1737 698 1789 vesper
725 1740 829 1779 esset
857 1738 979 1778 iuxta
1009 1737 1245 1779 Ameleten
1272 1737 1481 1788 fluvium,

98 1804 222 1844 cuius
243 1818 403 1859 aquam
425 1803 599 1845 nullum
625 1819 701 1844 vas
718 1804 980 1846 contineret.
1010 1820 1059 1845 ac
1082 1804 1265 1845 modum
1301 1804 1481 1859 quidem

99 1880 265 1914 certum
289 1887 431 1927 aquae
453 1871 658 1912 omnibus
681 1875 764 1913 esse
783 1872 1041 1923 bibendum,
1067 1871 1303 1928 prudentia
1330 1881 1483 1915 autem

99 1956 188 1982 non
208 1942 402 1982 servatos
432 1941 561 1997 supra
595 1941 778 1983 modum
813 1941 990 1993 bibere3
1023 1955 1242 1995 quumque
1272 1957 1380 1983 vero
1410 1943 1484 1984 bi-

99 2007 280 2050 bentem
312 2009 515 2050 omnium
549 2008 759 2051 oblivisci.
801 2010 1029 2065 postquam
1061 2009 1356 2051 recubuissent
1385 2027 1484 2052 me-

102 2076 262 2131 diaque
302 2093 390 2119 nox
429 2080 552 2128 effen,
592 2078 761 2117 ⁴ionitrn
801 2085 1033 2132 terraeque
1062 2087 1237 2119 motum
1272 2080 1486 2132 exstitisse,

103 2153 146 2186 et
163 2144 285 2187 illinc
307 2146 451 2186 subito
476 2145 609 2186 alium
632 2145 714 2186 alio
737 2147 872 2187 latum
899 2148 981 2187 effe
1006 2146 1174 2186 sursum
1202 2147 1254 2187 ad
1274 2163 1486 2204 procrea-—

101 2213 294 2266 tionem,
326 2215 596 2270 prosilientes
624 2214 754 2255 instar
784 2215 1018 2256 stellarum.
1051 2214 1094 2254 se
1127 2214 1302 2269 quidem
1329 2217 1487 2272 prohi-

101 2279 242 2321 bitum
264 2281 389 2324 fuisse
410 2298 570 2338 aquam
604 2282 776 2334 bibere3
809 2282 1035 2338 quomodo
1065 2290 1213 2323 autem
1243 2283 1286 2332 in
1323 2299 1486 2342 corpus

101 2350 279 2391 venerit
300 2351 340 2390 se
371 2350 557 2399 nescire,
587 2351 659 2391 sed
682 2359 867 2409 repente
897 2365 1037 2405 quum
1073 2350 1330 2408 suspexisset
1356 2367 1488 2394 mane

102 2418 146 2458 se-
171 2417 313 2472 ipsum
335 2417 484 2460 vidisse
506 2418 595 2460 iam
619 2419 870 2476 impofitum
889 2419 936 2460 in
956 2433 1129 2474 rogum.

217 2554 363 2609 Atque
384 2555 515 2607 haec,
547 2555 718 2597 Glauco
733 2588 744 2607 ,
776 2555 925 2598 fabula
947 2556 1115 2597 servata
1145 2556 1202 2597 est
1223 2571 1301 2597 nec
1320 2555 1489 2605 interit,

105 2629 148 2664 et
175 2638 257 2666 nos
289 2622 504 2678 servabit,
535 2624 563 2666 fi
594 2622 728 2668 fidem
761 2624 802 2666 ei
822 2623 1111 2679 habebimus,
1143 2634 1188 2667 et
1215 2625 1373 2667 Lethes
1403 2622 1490 2663 ssu-
