1657 2876
549 141 881 186 TIMAEUS.
1330 141 1412 184 255

25 270 130 299 -rum
163 255 426 306 exhibeant,
465 262 696 307 tamquam
733 255 909 311 speculo
948 263 1261 312 praeparatum
1295 256 1411 297 etin

26 333 244 382 promptu
270 327 442 381 semper
461 323 704 380 appositum
719 322 1020 364 simulacrum.
1042 323 1241 378 quocirca
1263 323 1414 374 etiam,

28 407 171 448 quum
203 393 350 435 sordes
389 391 606 447 quaedam
640 391 847 432 exsistunt
885 405 964 447 per
995 392 1196 447 corporis
1233 390 1415 432 morbos

29 460 312 513 circaiecur,
349 460 495 501 omnis
525 459 684 515 splenis
725 473 916 516 purgans
947 473 1019 500 eas
1049 458 1208 515 recipit
1242 460 1413 509 raritas,

28 528 196 585 quippe
223 529 338 585 quod
369 542 534 570 cavum
557 526 856 582 sanguineque
881 542 1036 569 careus
1058 535 1319 570 contextum
1345 528 1415 578 fit3

29 596 151 637 unde
186 597 491 652 purgamentis
525 596 764 653 impletum
795 610 1010 651 magnum
1048 604 1092 638 et
1123 596 1415 653 purulentum

27 661 307 717 intumescit,
357 666 598 720 rursusque
632 678 819 720 corpore
852 672 1042 722 purgato
1085 664 1336 720 depressum
1369 662 1417 705 in

26 732 146 773 idem
170 733 361 775 confidit.

143 800 289 856 Atque
310 801 365 841 de
388 800 565 853 animo,
598 799 741 856 quoad
763 801 961 843 mortalis
985 801 1031 842 fit
1060 807 1103 842 et
1123 799 1271 856 quoad
1299 798 1418 839 divi-

29 882 130 920 nus,
163 876 205 910 et
232 870 484 925 quomodo,
518 883 620 910 cum
645 869 804 925 quibus
829 883 1027 924 quasque
1047 867 1103 909 ob
1125 869 1275 909 causas
1295 868 1419 908 seor-

31 936 126 977 sum
164 938 400 979 collocatus
432 936 588 987 suerit,
630 953 785 979 verum
821 937 1026 991 quidem,
1067 943 1118 978 ut
1147 936 1316 977 dictum
1347 934 1421 987 est,

30 1018 168 1058 quum
195 1004 302 1046 deus
325 1006 670 1056 assenserit‚tuin
685 1007 866 1047 demum
890 1001 1420 1057 assirmaverimus,quod

32 1085 143 1112 vero
163 1073 447 1128 probabiliter
469 1090 494 1116 a
524 1074 650 1116 nobis
673 1073 848 1123 dicitur,
880 1074 921 1115 id
945 1082 986 1114 et
1008 1088 1125 1115 nuuc
1146 1079 1189 1113 et
1201 1070 1338 1127 magis
1359 1077 1420 1111 et-

32 1140 119 1180 iam
146 1142 521 1183 considerantibus
546 1141 886 1197 periclitandum
907 1143 963 1182 est
986 1143 1154 1183 sumere
1177 1140 1422 1196 sumptum-

32 1221 116 1262 que
145 1209 246 1249 esto.
314 1208 448 1265 Quod
479 1224 586 1250 vero
615 1225 719 1250 cum
753 1209 820 1251 his
854 1209 1145 1250 coniunctum
1184 1209 1256 1259 est,
1286 1207 1329 1248 id
1352 1222 1424 1247 eo-

33 1274 134 1316 dem
165 1276 299 1319 modo
336 1277 718 1332 irivelligandum3
762 1284 859 1318 erat
892 1286 1040 1318 autem
1084 1277 1168 1318 hoc
1196 1275 1420 1331 quomodo

33 1343 257 1400 reliquum
284 1344 447 1386 factum
472 1347 520 1386 fit
549 1361 722 1402 corpus,
773 1360 827 1386 ex
849 1344 931 1386 hac-
962 1346 1095 1399 igitur
1120 1344 1293 1386 ratione
1322 1358 1423 1385 om-

34 1412 159 1454 nium
182 1414 586 1456 convenientissima
608 1414 647 1454 ‹-i
676 1412 810 1454 fuerit
831 1414 1114 1455 constructio.

148 1481 361 1523 Futuram
382 1483 568 1522 nostram
588 1482 927 1537 potuleutorum
946 1490 989 1523 et
1011 1482 1338 1524 esculentorum
1355 1480 1423 1522 in-

38 1550 380 1604 temperantiam
402 1551 675 1605 perspectam
702 1550 954 1591 babuerunt
968 1549 1045 1603 qui
1062 1564 1202 1605 genus
1224 1550 1422 1590 nostrum

41 1620 394 1666 construxerunt,
427 1632 593 1670 nosque
614 1619 743 1675 longe
770 1619 887 1659 ultra
909 1617 1095 1659 modum
1119 1625 1162 1658 ct
1190 1617 1425 1658 necestita-

38 1694 126 1728 tem
148 1687 193 1727 in
217 1702 266 1727 ea
288 1689 370 1728 effe
393 1689 711 1743 progreffiiros.
744 1701 800 1727 ne
818 1686 955 1741 igitur
974 1685 1175 1727 interitus
1204 1699 1284 1741 per
1296 1700 1425 1726 ntor-

36 1755 116 1797 bos
157 1769 366 1811 praeceps
403 1756 633 1809 ingrueret
668 1762 708 1795 et
747 1753 1066 1809 imperfectum
1107 1753 1249 1795 statim
1289 1766 1425 1808 genus

38 1823 231 1866 mortale
262 1822 574 1877 occumberet,
614 1824 696 1865 hoc
730 1823 1015 1876 providentes
1044 1822 1242 1876 reliquiis
1263 1820 1427 1863 futuris

38 1892 230 1950 potionis
256 1899 298 1932 et
322 1892 406 1933 cibi
428 1891 688 1934 insci-iorem
714 1905 827 1946 quae
849 1891 1011 1931 dicitur
1040 1890 1194 1932 alvum
1220 1899 1427 1947 recepta—

40 1961 190 2002 culum
225 1961 469 2017 posueruut
498 1974 686 2015 eamque
711 1958 1020 2000 obvolverunt
1045 1958 1336 2000 circumcirca
1357 1958 1428 1999 iu-

40 2028 219 2078 testiuis,
250 2035 299 2070 ut
320 2043 376 2069 ne
396 2029 484 2069 cito
507 2029 740 2071 traiectum
765 2027 1024 2069 alimentum
1053 2026 1137 2068 cito
1157 2027 1302 2068 rursus
1315 2026 1428 2067 alius

41 2097 242 2138 alimenti
271 2096 470 2150 indigere
499 2112 660 2153 corpus
687 2104 884 2151 cogeret,
917 2103 962 2137 ct
982 2094 1297 2153 inexplebilem
1321 2093 1430 2135 inii-

43 2165 164 2207 ciens
195 2165 454 2207 aviditatem
479 2174 659 2222 propter
681 2164 1013 2221 ligurritiouem
1035 2180 1060 2206 a
1081 2163 1362 2219 philosophia
1386 2170 1430 2205 et

42 2233 175 2276 Mufis
197 2235 404 2275 aversum
428 2242 573 2276 totum
605 2233 795 2275 efficeret
813 2247 952 2289 genus
973 2233 1178 2289 partique
1199 2230 1332 2273 nostri
1367 2231 1427 2273 di·

43 2302 286 2343 viniffimae
310 2302 427 2345 haud
449 2298 780 2357 obtemperans.

162 2371 331 2412 Ostium
349 2386 458 2413 vero
480 2379 525 2412 et
544 2371 690 2413 carnis
711 2369 944 2423 omnisque
964 2367 1097 2410 huius
1119 2375 1309 2410 naturae
1320 2368 1429 2409 baec

47 2439 105 2480 est
133 2438 263 2479 ratio.
303 2438 370 2479 his
399 2438 607 2480 omuibus
641 2438 914 2496 principium
944 2437 1000 2477 est
1031 2436 1252 2478 medullae
1278 2445 1429 2488 ortus;

46 2507 165 2548 vitae
185 2506 304 2548 enim
327 2506 530 2558 vincula,
564 2521 701 2563 quum
725 2507 899 2549 animus
924 2520 1027 2546 cum
1049 2519 1235 2562 corpore
1257 2504 1429 2559 colliga-

33 2582 118 2618 ‘tus
140 2576 262 2626 effet‚
293 2574 341 2616 in
364 2575 446 2618 hac
474 2576 701 2617 constricta
719 2583 945 2630 tamquam
963 2572 1185 2615 radicibus
1208 2572 1431 2614 stabilive-

51 2650 160 2688 runt
189 2644 380 2688 mortale
411 2657 575 2700 genus3
604 2643 697 2701 ipsa
720 2651 868 2686 autem
890 2642 1086 2686 medulla
1109 2657 1164 2686 ex
1188 2640 1280 2684 aliis
1301 2654 1430 2698 genc-
