<?xml version="1.0" encoding="UTF-8"?>
<!DOCTYPE html PUBLIC "-//W3C//DTD XHTML 1.0 Transitional//EN"
    "http://www.w3.org/TR/xhtml1/DTD/xhtml1-transitional.dtd">
<html xmlns="http://www.w3.org/1999/xhtml" xml:lang="en" lang="en">
 <head>
  <title>
</title>
<meta http-equiv="Content-Type" content="text/html;charset=utf-8" />
  <meta name='ocr-system' content='tesseract 3.04.00' />
  <meta name='ocr-capabilities' content='ocr_page ocr_carea ocr_par ocr_line ocrx_word'/>
</head>
<body>
  <div class='ocr_page' id='page_1' title='image "./quaeexstantopera05plat_0295.png"; bbox 0 0 1657 2876; ppageno 0'>
   <div class='ocr_carea' id='block_1_1' title="bbox 726 139 1556 194">
    <p class='ocr_par' dir='ltr' id='par_1_1' title="bbox 726 139 1556 194">
     <span class='ocr_line' id='line_1_1' title="bbox 726 139 1556 194; baseline 0.004 -11"><span class='ocrx_word' id='word_1_1' title='bbox 726 139 1029 186; x_wconf 81' lang='lat' dir='ltr'><strong>CRITIAS.</strong></span> <span class='ocrx_word' id='word_1_2' title='bbox 1474 144 1556 194; x_wconf 77' lang='lat'><strong>233</strong></span> 
     </span>
    </p>
   </div>
   <div class='ocr_carea' id='block_1_2' title="bbox 164 250 1562 2502">
    <p class='ocr_par' dir='ltr' id='par_1_2' title="bbox 170 250 1558 517">
     <span class='ocr_line' id='line_1_2' title="bbox 175 250 1558 314; baseline 0.002 -16"><span class='ocrx_word' id='word_1_3' title='bbox 175 264 226 298; x_wconf 87' lang='lat' dir='ltr'><strong>ut</strong></span> <span class='ocrx_word' id='word_1_4' title='bbox 256 254 510 299; x_wconf 82' lang='lat' dir='ltr'><strong>remedium</strong></span> <span class='ocrx_word' id='word_1_5' title='bbox 540 250 666 295; x_wconf 81' lang='lat' dir='ltr'><strong>uobis</strong></span> <span class='ocrx_word' id='word_1_6' title='bbox 689 252 942 309; x_wconf 80' lang='lat' dir='ltr'>suppeditet</span> <span class='ocrx_word' id='word_1_7' title='bbox 973 256 1337 311; x_wconf 70' lang='lat' dir='ltr'><strong>perfectissimum</strong></span> <span class='ocrx_word' id='word_1_8' title='bbox 1369 267 1414 300; x_wconf 84' lang='lat' dir='ltr'><strong>et</strong></span> <span class='ocrx_word' id='word_1_9' title='bbox 1436 257 1558 314; x_wconf 84' lang='lat' dir='ltr'><strong>opti-</strong></span> 
     </span>
     <span class='ocr_line' id='line_1_3' title="bbox 172 318 1557 384; baseline 0.001 -18"><span class='ocrx_word' id='word_1_10' title='bbox 172 339 301 366; x_wconf 86' lang='lat' dir='ltr'><strong>mum</strong></span> <span class='ocrx_word' id='word_1_11' title='bbox 320 322 620 366; x_wconf 83' lang='lat' dir='ltr'><strong>remediorum</strong></span> <span class='ocrx_word' id='word_1_12' title='bbox 634 353 645 371; x_wconf 91' lang='lat'><em>‚</em></span> <span class='ocrx_word' id='word_1_13' title='bbox 676 318 916 363; x_wconf 82' lang='lat' dir='ltr'><strong>scientiam.</strong></span> <span class='ocrx_word' id='word_1_14' title='bbox 954 337 1041 379; x_wconf 86' lang='lat' dir='ltr'><strong>qua</strong></span> <span class='ocrx_word' id='word_1_15' title='bbox 1064 326 1247 379; x_wconf 84' lang='lat' dir='ltr'><strong>quidem</strong></span> <span class='ocrx_word' id='word_1_16' title='bbox 1267 324 1383 368; x_wconf 88' lang='lat' dir='ltr'><strong>facta</strong></span> <span class='ocrx_word' id='word_1_17' title='bbox 1401 341 1557 384; x_wconf 86' lang='lat' dir='ltr'><strong>preca·</strong></span> 
     </span>
     <span class='ocr_line' id='line_1_4' title="bbox 171 389 1553 445; baseline 0.003 -12"><span class='ocrx_word' id='word_1_18' title='bbox 171 393 296 435; x_wconf 86' lang='lat' dir='ltr'><strong>tione</strong></span> <span class='ocrx_word' id='word_1_19' title='bbox 325 391 563 441; x_wconf 84' lang='lat' dir='ltr'><strong>tradimus,</strong></span> <span class='ocrx_word' id='word_1_20' title='bbox 596 395 647 430; x_wconf 85' lang='lat' dir='ltr'><strong>ut</strong></span> <span class='ocrx_word' id='word_1_21' title='bbox 675 389 961 445; x_wconf 75' lang='lat' dir='ltr'><strong>compositum</strong></span> <span class='ocrx_word' id='word_1_22' title='bbox 997 392 1078 445; x_wconf 87' lang='lat' dir='ltr'><strong>est,</strong></span> <span class='ocrx_word' id='word_1_23' title='bbox 1110 391 1275 435; x_wconf 82' lang='lat' dir='ltr'><strong>Critiae</strong></span> <span class='ocrx_word' id='word_1_24' title='bbox 1305 394 1553 437; x_wconf 85' lang='lat' dir='ltr'><strong>orationem</strong></span> 
     </span>
     <span class='ocr_line' id='line_1_5' title="bbox 170 457 738 517; baseline -0.009 -14"><span class='ocrx_word' id='word_1_25' title='bbox 170 461 379 517; x_wconf 85' lang='lat' dir='ltr'><strong>deinceps</strong></span> <span class='ocrx_word' id='word_1_26' title='bbox 411 457 738 515; x_wconf 78' lang='lat' dir='ltr'>explicandam.</span> 
     </span>
    </p>

    <p class='ocr_par' dir='ltr' id='par_1_3' title="bbox 164 526 1562 2502">
     <span class='ocr_line' id='line_1_6' title="bbox 288 526 1556 586; baseline -0.001 -14"><span class='ocrx_word' id='word_1_27' title='bbox 288 529 399 572; x_wconf 81' lang='lat' dir='ltr'><strong>Crit.</strong></span> <span class='ocrx_word' id='word_1_28' title='bbox 431 526 566 579; x_wconf 81' lang='lat' dir='ltr'><strong>Sane,</strong></span> <span class='ocrx_word' id='word_1_29' title='bbox 589 526 799 575; x_wconf 86' lang='lat' dir='ltr'><strong>Timaee,</strong></span> <span class='ocrx_word' id='word_1_30' title='bbox 821 526 987 585; x_wconf 86' lang='lat' dir='ltr'><strong>accipio</strong></span> <span class='ocrx_word' id='word_1_31' title='bbox 1012 544 1134 580; x_wconf 88' lang='lat' dir='ltr'><strong>eam,</strong></span> <span class='ocrx_word' id='word_1_32' title='bbox 1155 528 1275 571; x_wconf 88' lang='lat' dir='ltr'><strong>idem</strong></span> <span class='ocrx_word' id='word_1_33' title='bbox 1300 543 1410 570; x_wconf 85' lang='lat' dir='ltr'><strong>vero</strong></span> <span class='ocrx_word' id='word_1_34' title='bbox 1432 530 1556 586; x_wconf 84' lang='lat' dir='ltr'><strong>quod</strong></span> 
     </span>
     <span class='ocr_line' id='line_1_7' title="bbox 169 593 1554 654; baseline 0.001 -15"><span class='ocrx_word' id='word_1_35' title='bbox 169 606 220 639; x_wconf 85' lang='lat' dir='ltr'><strong>tu</strong></span> <span class='ocrx_word' id='word_1_36' title='bbox 248 596 374 638; x_wconf 88' lang='lat' dir='ltr'><strong>initio</strong></span> <span class='ocrx_word' id='word_1_37' title='bbox 406 593 541 636; x_wconf 84' lang='lat' dir='ltr'><strong>fecisti</strong></span> <span class='ocrx_word' id='word_1_38' title='bbox 574 608 713 650; x_wconf 88' lang='lat' dir='ltr'><strong>quum</strong></span> <span class='ocrx_word' id='word_1_39' title='bbox 741 595 922 637; x_wconf 83' lang='lat' dir='ltr'><strong>veniam</strong></span> <span class='ocrx_word' id='word_1_40' title='bbox 940 605 1113 653; x_wconf 82' lang='lat' dir='ltr'><strong>peteres</strong></span> <span class='ocrx_word' id='word_1_41' title='bbox 1147 598 1318 654; x_wconf 87' lang='lat' dir='ltr'><strong>quippe</strong></span> <span class='ocrx_word' id='word_1_42' title='bbox 1338 597 1392 639; x_wconf 90' lang='lat' dir='ltr'><strong>de</strong></span> <span class='ocrx_word' id='word_1_43' title='bbox 1419 598 1554 640; x_wconf 82' lang='lat' dir='ltr'><strong>rebus</strong></span> 
     </span>
     <span class='ocr_line' id='line_1_8' title="bbox 167 662 1555 724; baseline 0 -16"><span class='ocrx_word' id='word_1_44' title='bbox 167 667 341 720; x_wconf 85' lang='lat' dir='ltr'><strong>magnis</strong></span> <span class='ocrx_word' id='word_1_45' title='bbox 363 662 585 715; x_wconf 85' lang='lat' dir='ltr'><strong>dicturus,</strong></span> <span class='ocrx_word' id='word_1_46' title='bbox 607 677 687 718; x_wconf 87' lang='lat' dir='ltr'><strong>ego</strong></span> <span class='ocrx_word' id='word_1_47' title='bbox 706 677 884 720; x_wconf 81' lang='lat' dir='ltr'><strong>quoque</strong></span> <span class='ocrx_word' id='word_1_48' title='bbox 905 680 1024 707; x_wconf 89' lang='lat' dir='ltr'><strong>nunc</strong></span> <span class='ocrx_word' id='word_1_49' title='bbox 1045 665 1161 708; x_wconf 85' lang='lat' dir='ltr'><strong>facio</strong></span> <span class='ocrx_word' id='word_1_50' title='bbox 1180 667 1365 708; x_wconf 83' lang='lat' dir='ltr'><strong>eandem</strong></span> <span class='ocrx_word' id='word_1_51' title='bbox 1384 674 1555 724; x_wconf 80' lang='lat' dir='ltr'><strong>petens,</strong></span> 
     </span>
     <span class='ocr_line' id='line_1_9' title="bbox 169 731 1555 792; baseline -0.001 -17"><span class='ocrx_word' id='word_1_52' title='bbox 169 742 215 775; x_wconf 83' lang='lat' dir='ltr'><strong>et</strong></span> <span class='ocrx_word' id='word_1_53' title='bbox 236 733 376 788; x_wconf 84' lang='lat' dir='ltr'><strong>magis</strong></span> <span class='ocrx_word' id='word_1_54' title='bbox 408 731 541 773; x_wconf 79' lang='lat' dir='ltr'><strong>etiam</strong></span> <span class='ocrx_word' id='word_1_55' title='bbox 575 745 648 771; x_wconf 88' lang='lat' dir='ltr'><strong>me</strong></span> <span class='ocrx_word' id='word_1_56' title='bbox 681 731 856 775; x_wconf 83' lang='lat' dir='ltr'><strong>confido</strong></span> <span class='ocrx_word' id='word_1_57' title='bbox 886 748 987 777; x_wconf 87' lang='lat' dir='ltr'><strong>eam</strong></span> <span class='ocrx_word' id='word_1_58' title='bbox 1015 735 1364 792; x_wconf 84' lang='lat' dir='ltr'><strong>impetraturum</strong></span> <span class='ocrx_word' id='word_1_59' title='bbox 1389 735 1470 776; x_wconf 84' lang='lat' dir='ltr'><strong>effe</strong></span> <span class='ocrx_word' id='word_1_60' title='bbox 1499 733 1555 774; x_wconf 89' lang='lat' dir='ltr'><strong>de</strong></span> 
     </span>
     <span class='ocr_line' id='line_1_10' title="bbox 169 799 1557 859; baseline 0 -17"><span class='ocrx_word' id='word_1_61' title='bbox 169 801 222 844; x_wconf 88' lang='lat' dir='ltr'><strong>iis</strong></span> <span class='ocrx_word' id='word_1_62' title='bbox 242 815 356 857; x_wconf 87' lang='lat' dir='ltr'><strong>quae</strong></span> <span class='ocrx_word' id='word_1_63' title='bbox 374 799 679 858; x_wconf 77' lang='lat' dir='ltr'><strong>propositurus</strong></span> <span class='ocrx_word' id='word_1_64' title='bbox 701 799 810 842; x_wconf 86' lang='lat' dir='ltr'><strong>sum.</strong></span> <span class='ocrx_word' id='word_1_65' title='bbox 845 817 1119 859; x_wconf 85' lang='lat' dir='ltr'><strong>quamquam</strong></span> <span class='ocrx_word' id='word_1_66' title='bbox 1139 802 1231 846; x_wconf 81' lang='lat' dir='ltr'><strong>fere</strong></span> <span class='ocrx_word' id='word_1_67' title='bbox 1255 801 1451 858; x_wconf 78' lang='lat' dir='ltr'><strong>intelligo</strong></span> <span class='ocrx_word' id='word_1_68' title='bbox 1471 816 1557 858; x_wconf 86' lang='lat' dir='ltr'><strong>pe-</strong></span> 
     </span>
     <span class='ocr_line' id='line_1_11' title="bbox 168 866 1557 926; baseline 0.001 -15"><span class='ocrx_word' id='word_1_69' title='bbox 168 869 371 912; x_wconf 78' lang='lat' dir='ltr'><strong>titionem</strong></span> <span class='ocrx_word' id='word_1_70' title='bbox 407 882 551 909; x_wconf 84' lang='lat' dir='ltr'><strong>meam</strong></span> <span class='ocrx_word' id='word_1_71' title='bbox 578 866 824 911; x_wconf 84' lang='lat' dir='ltr'>admodum</span> <span class='ocrx_word' id='word_1_72' title='bbox 859 870 1139 914; x_wconf 83' lang='lat' dir='ltr'><strong>ambitiosam</strong></span> <span class='ocrx_word' id='word_1_73' title='bbox 1173 878 1216 913; x_wconf 90' lang='lat' dir='ltr'><strong>et</strong></span> <span class='ocrx_word' id='word_1_74' title='bbox 1244 869 1385 926; x_wconf 82' lang='lat' dir='ltr'><strong>magis</strong></span> <span class='ocrx_word' id='word_1_75' title='bbox 1418 884 1557 925; x_wconf 89' lang='lat' dir='ltr'><strong>quam</strong></span> 
     </span>
     <span class='ocr_line' id='line_1_12' title="bbox 166 934 1556 996; baseline 0.001 -16"><span class='ocrx_word' id='word_1_76' title='bbox 166 953 250 996; x_wconf 83' lang='lat' dir='ltr'><strong>par</strong></span> <span class='ocrx_word' id='word_1_77' title='bbox 279 938 329 979; x_wconf 87' lang='lat' dir='ltr'><strong>fit</strong></span> <span class='ocrx_word' id='word_1_78' title='bbox 355 935 561 978; x_wconf 83' lang='lat' dir='ltr'><strong>rusticam</strong></span> <span class='ocrx_word' id='word_1_79' title='bbox 581 934 705 987; x_wconf 82' lang='lat' dir='ltr'><strong>sore3</strong></span> <span class='ocrx_word' id='word_1_80' title='bbox 736 946 934 982; x_wconf 81' lang='lat' dir='ltr'><strong>attamen</strong></span> <span class='ocrx_word' id='word_1_81' title='bbox 967 941 1222 982; x_wconf 82' lang='lat' dir='ltr'><strong>dicendum.</strong></span> <span class='ocrx_word' id='word_1_82' title='bbox 1266 937 1432 981; x_wconf 82' lang='lat' dir='ltr'><strong>etenim</strong></span> <span class='ocrx_word' id='word_1_83' title='bbox 1455 954 1481 980; x_wconf 89' lang='lat' dir='ltr'><strong>a</strong></span> <span class='ocrx_word' id='word_1_84' title='bbox 1515 947 1556 981; x_wconf 87' lang='lat' dir='ltr'><strong>te</strong></span> 
     </span>
     <span class='ocr_line' id='line_1_13' title="bbox 166 1003 1558 1065; baseline -0.002 -14"><span class='ocrx_word' id='word_1_85' title='bbox 166 1008 342 1065; x_wconf 77' lang='lat' dir='ltr'><strong>prolata</strong></span> <span class='ocrx_word' id='word_1_86' title='bbox 364 1019 454 1046; x_wconf 83' lang='lat' dir='ltr'><strong>non</strong></span> <span class='ocrx_word' id='word_1_87' title='bbox 477 1003 590 1045; x_wconf 75' lang='lat' dir='ltr'><strong>bene</strong></span> <span class='ocrx_word' id='word_1_88' title='bbox 629 1005 745 1048; x_wconf 81' lang='lat' dir='ltr'><strong>dicta</strong></span> <span class='ocrx_word' id='word_1_89' title='bbox 769 1010 874 1059; x_wconf 82' lang='lat' dir='ltr'><strong>effe,</strong></span> <span class='ocrx_word' id='word_1_90' title='bbox 907 1009 1006 1065; x_wconf 86' lang='lat' dir='ltr'><strong>quis</strong></span> <span class='ocrx_word' id='word_1_91' title='bbox 1037 1007 1285 1063; x_wconf 86' lang='lat' dir='ltr'><strong>intelligens</strong></span> <span class='ocrx_word' id='word_1_92' title='bbox 1316 1007 1558 1049; x_wconf 84' lang='lat' dir='ltr'><strong>conabitur</strong></span> 
     </span>
     <span class='ocr_line' id='line_1_14' title="bbox 168 1073 1558 1131; baseline -0.001 -13"><span class='ocrx_word' id='word_1_93' title='bbox 168 1073 427 1118; x_wconf 78' lang='lat' dir='ltr'><strong>affirmare?</strong></span> <span class='ocrx_word' id='word_1_94' title='bbox 460 1088 507 1114; x_wconf 84' lang='lat' dir='ltr'><strong>ea</strong></span> <span class='ocrx_word' id='word_1_95' title='bbox 530 1089 636 1116; x_wconf 83' lang='lat' dir='ltr'><strong>vero</strong></span> <span class='ocrx_word' id='word_1_96' title='bbox 659 1089 771 1131; x_wconf 84' lang='lat' dir='ltr'><strong>quae</strong></span> <span class='ocrx_word' id='word_1_97' title='bbox 804 1075 916 1118; x_wconf 80' lang='lat' dir='ltr'><strong>mihi</strong></span> <span class='ocrx_word' id='word_1_98' title='bbox 948 1077 1134 1119; x_wconf 87' lang='lat' dir='ltr'><strong>dicenda</strong></span> <span class='ocrx_word' id='word_1_99' title='bbox 1157 1077 1258 1119; x_wconf 84' lang='lat' dir='ltr'><strong>sunt</strong></span> <span class='ocrx_word' id='word_1_100' title='bbox 1283 1075 1461 1117; x_wconf 88' lang='lat' dir='ltr'><strong>maioris</strong></span> <span class='ocrx_word' id='word_1_101' title='bbox 1481 1074 1558 1117; x_wconf 88' lang='lat' dir='ltr'><strong>in-</strong></span> 
     </span>
     <span class='ocr_line' id='line_1_15' title="bbox 167 1141 1558 1200; baseline -0.001 -13"><span class='ocrx_word' id='word_1_102' title='bbox 167 1145 321 1200; x_wconf 85' lang='lat' dir='ltr'><strong>digere</strong></span> <span class='ocrx_word' id='word_1_103' title='bbox 350 1142 509 1184; x_wconf 81' lang='lat' dir='ltr'><strong>veniae</strong></span> <span class='ocrx_word' id='word_1_104' title='bbox 526 1142 630 1198; x_wconf 86' lang='lat' dir='ltr'><strong>quia</strong></span> <span class='ocrx_word' id='word_1_105' title='bbox 654 1141 905 1186; x_wconf 84' lang='lat' dir='ltr'><strong>difficiliora</strong></span> <span class='ocrx_word' id='word_1_106' title='bbox 935 1146 1040 1199; x_wconf 83' lang='lat' dir='ltr'><strong>smt,</strong></span> <span class='ocrx_word' id='word_1_107' title='bbox 1071 1146 1155 1187; x_wconf 89' lang='lat' dir='ltr'><strong>hoc</strong></span> <span class='ocrx_word' id='word_1_108' title='bbox 1177 1144 1434 1187; x_wconf 82' lang='lat' dir='ltr'><strong>conandum</strong></span> <span class='ocrx_word' id='word_1_109' title='bbox 1461 1142 1558 1186; x_wconf 81' lang='lat' dir='ltr'><strong>sere</strong></span> 
     </span>
     <span class='ocr_line' id='line_1_16' title="bbox 167 1209 1558 1270; baseline 0.001 -17"><span class='ocrx_word' id='word_1_110' title='bbox 167 1213 342 1254; x_wconf 86' lang='lat' dir='ltr'><strong>docere.</strong></span> <span class='ocrx_word' id='word_1_111' title='bbox 374 1210 430 1251; x_wconf 86' lang='lat' dir='ltr'><strong>de</strong></span> <span class='ocrx_word' id='word_1_112' title='bbox 451 1209 532 1251; x_wconf 85' lang='lat' dir='ltr'><strong>diis</strong></span> <span class='ocrx_word' id='word_1_113' title='bbox 556 1210 674 1252; x_wconf 84' lang='lat' dir='ltr'><strong>enim</strong></span> <span class='ocrx_word' id='word_1_114' title='bbox 690 1242 701 1261; x_wconf 86' lang='lat'>‚</span> <span class='ocrx_word' id='word_1_115' title='bbox 733 1212 942 1265; x_wconf 82' lang='lat' dir='ltr'><strong>Timaeo,</strong></span> <span class='ocrx_word' id='word_1_116' title='bbox 974 1215 1003 1254; x_wconf 83' lang='lat' dir='ltr'><strong>fi</strong></span> <span class='ocrx_word' id='word_1_117' title='bbox 1021 1214 1120 1269; x_wconf 85' lang='lat' dir='ltr'><strong>quis</strong></span> <span class='ocrx_word' id='word_1_118' title='bbox 1140 1212 1312 1256; x_wconf 76' lang='lat' dir='ltr'><strong>disserit</strong></span> <span class='ocrx_word' id='word_1_119' title='bbox 1338 1212 1457 1270; x_wconf 84' lang='lat' dir='ltr'><strong>apud</strong></span> <span class='ocrx_word' id='word_1_120' title='bbox 1481 1212 1558 1254; x_wconf 85' lang='lat' dir='ltr'><strong>ho-</strong></span> 
     </span>
     <span class='ocr_line' id='line_1_17' title="bbox 165 1276 1560 1338; baseline 0.001 -16"><span class='ocrx_word' id='word_1_121' title='bbox 165 1280 334 1327; x_wconf 85' lang='lat' dir='ltr'><strong>mines,</strong></span> <span class='ocrx_word' id='word_1_122' title='bbox 366 1276 543 1318; x_wconf 82' lang='lat' dir='ltr'><strong>facilius</strong></span> <span class='ocrx_word' id='word_1_123' title='bbox 570 1277 751 1320; x_wconf 81' lang='lat' dir='ltr'><strong>videtur</strong></span> <span class='ocrx_word' id='word_1_124' title='bbox 781 1281 1079 1331; x_wconf 71' lang='lat' dir='ltr'><strong>satisfacere,</strong></span> <span class='ocrx_word' id='word_1_125' title='bbox 1112 1296 1247 1338; x_wconf 89' lang='lat' dir='ltr'><strong>quam</strong></span> <span class='ocrx_word' id='word_1_126' title='bbox 1269 1283 1324 1324; x_wconf 85' lang='lat' dir='ltr'><strong>de</strong></span> <span class='ocrx_word' id='word_1_127' title='bbox 1351 1280 1560 1323; x_wconf 80' lang='lat' dir='ltr'><strong>mortali-</strong></span> 
     </span>
     <span class='ocr_line' id='line_1_18' title="bbox 165 1345 1557 1406; baseline -0.001 -14"><span class='ocrx_word' id='word_1_128' title='bbox 165 1350 250 1392; x_wconf 86' lang='lat' dir='ltr'><strong>bus</strong></span> <span class='ocrx_word' id='word_1_129' title='bbox 264 1346 384 1404; x_wconf 87' lang='lat' dir='ltr'><strong>apud</strong></span> <span class='ocrx_word' id='word_1_130' title='bbox 404 1361 498 1387; x_wconf 87' lang='lat' dir='ltr'><strong>nos.</strong></span> <span class='ocrx_word' id='word_1_131' title='bbox 531 1359 634 1388; x_wconf 88' lang='lat' dir='ltr'><strong>nam</strong></span> <span class='ocrx_word' id='word_1_132' title='bbox 654 1345 879 1403; x_wconf 84' lang='lat' dir='ltr'><strong>imperitia</strong></span> <span class='ocrx_word' id='word_1_133' title='bbox 902 1363 1152 1406; x_wconf 83' lang='lat' dir='ltr'><strong>magnaque</strong></span> <span class='ocrx_word' id='word_1_134' title='bbox 1172 1349 1341 1391; x_wconf 77' lang='lat' dir='ltr'><strong>inscitia</strong></span> <span class='ocrx_word' id='word_1_135' title='bbox 1363 1349 1557 1392; x_wconf 82' lang='lat' dir='ltr'><strong>audien-</strong></span> 
     </span>
     <span class='ocr_line' id='line_1_19' title="bbox 165 1414 1558 1474; baseline 0.001 -14"><span class='ocrx_word' id='word_1_136' title='bbox 165 1418 280 1460; x_wconf 84' lang='lat' dir='ltr'><strong>tium</strong></span> <span class='ocrx_word' id='word_1_137' title='bbox 308 1416 358 1458; x_wconf 89' lang='lat' dir='ltr'><strong>in</strong></span> <span class='ocrx_word' id='word_1_138' title='bbox 380 1415 431 1457; x_wconf 89' lang='lat' dir='ltr'><strong>iis</strong></span> <span class='ocrx_word' id='word_1_139' title='bbox 463 1414 510 1455; x_wconf 91' lang='lat' dir='ltr'><strong>in</strong></span> <span class='ocrx_word' id='word_1_140' title='bbox 539 1414 702 1469; x_wconf 88' lang='lat' dir='ltr'><strong>quibus</strong></span> <span class='ocrx_word' id='word_1_141' title='bbox 724 1415 786 1456; x_wconf 83' lang='lat' dir='ltr'><strong>ita</strong></span> <span class='ocrx_word' id='word_1_142' title='bbox 805 1415 952 1458; x_wconf 84' lang='lat' dir='ltr'><strong>affecti</strong></span> <span class='ocrx_word' id='word_1_143' title='bbox 988 1418 1092 1459; x_wconf 78' lang='lat' dir='ltr'><strong>sunt</strong></span> <span class='ocrx_word' id='word_1_144' title='bbox 1118 1419 1310 1460; x_wconf 86' lang='lat' dir='ltr'><strong>multam</strong></span> <span class='ocrx_word' id='word_1_145' title='bbox 1338 1417 1558 1474; x_wconf 82' lang='lat' dir='ltr'><strong>praebent</strong></span> 
     </span>
     <span class='ocr_line' id='line_1_20' title="bbox 164 1482 1559 1546; baseline 0 -17"><span class='ocrx_word' id='word_1_146' title='bbox 164 1486 425 1530; x_wconf 83' lang='lat' dir='ltr'><strong>facilitatem</strong></span> <span class='ocrx_word' id='word_1_147' title='bbox 469 1483 524 1524; x_wconf 88' lang='lat' dir='ltr'><strong>de</strong></span> <span class='ocrx_word' id='word_1_148' title='bbox 549 1482 614 1524; x_wconf 91' lang='lat' dir='ltr'><strong>his</strong></span> <span class='ocrx_word' id='word_1_149' title='bbox 647 1483 845 1535; x_wconf 81' lang='lat' dir='ltr'><strong>dictur03</strong></span> <span class='ocrx_word' id='word_1_150' title='bbox 877 1484 931 1525; x_wconf 88' lang='lat' dir='ltr'><strong>de</strong></span> <span class='ocrx_word' id='word_1_151' title='bbox 961 1484 1043 1527; x_wconf 86' lang='lat' dir='ltr'><strong>diis</strong></span> <span class='ocrx_word' id='word_1_152' title='bbox 1069 1494 1218 1528; x_wconf 84' lang='lat' dir='ltr'><strong>autem</strong></span> <span class='ocrx_word' id='word_1_153' title='bbox 1248 1484 1406 1528; x_wconf 87' lang='lat' dir='ltr'><strong>scimus</strong></span> <span class='ocrx_word' id='word_1_154' title='bbox 1441 1502 1559 1546; x_wconf 90' lang='lat' dir='ltr'><strong>quo-</strong></span> 
     </span>
     <span class='ocr_line' id='line_1_21' title="bbox 164 1552 1557 1609; baseline 0.001 -12"><span class='ocrx_word' id='word_1_155' title='bbox 164 1555 303 1598; x_wconf 88' lang='lat' dir='ltr'><strong>modo</strong></span> <span class='ocrx_word' id='word_1_156' title='bbox 325 1552 468 1596; x_wconf 83' lang='lat' dir='ltr'><strong>affecti</strong></span> <span class='ocrx_word' id='word_1_157' title='bbox 491 1553 636 1593; x_wconf 86' lang='lat' dir='ltr'><strong>fimus.</strong></span> <span class='ocrx_word' id='word_1_158' title='bbox 676 1558 729 1592; x_wconf 85' lang='lat' dir='ltr'><strong>ut</strong></span> <span class='ocrx_word' id='word_1_159' title='bbox 747 1566 853 1592; x_wconf 87' lang='lat' dir='ltr'><strong>vero</strong></span> <span class='ocrx_word' id='word_1_160' title='bbox 878 1552 1114 1595; x_wconf 87' lang='lat' dir='ltr'><strong>dilucidius</strong></span> <span class='ocrx_word' id='word_1_161' title='bbox 1132 1554 1253 1609; x_wconf 89' lang='lat' dir='ltr'><strong>quod</strong></span> <span class='ocrx_word' id='word_1_162' title='bbox 1285 1554 1432 1597; x_wconf 86' lang='lat' dir='ltr'><strong>dicere</strong></span> <span class='ocrx_word' id='word_1_163' title='bbox 1451 1556 1557 1598; x_wconf 89' lang='lat' dir='ltr'><strong>volo</strong></span> 
     </span>
     <span class='ocr_line' id='line_1_22' title="bbox 166 1618 1559 1674; baseline 0.001 -8"><span class='ocrx_word' id='word_1_164' title='bbox 166 1623 414 1672; x_wconf 79' lang='lat' dir='ltr'><strong>declarem,</strong></span> <span class='ocrx_word' id='word_1_165' title='bbox 447 1620 536 1662; x_wconf 83' lang='lat' dir='ltr'><strong>huc</strong></span> <span class='ocrx_word' id='word_1_166' title='bbox 556 1634 627 1661; x_wconf 90' lang='lat' dir='ltr'><strong>me</strong></span> <span class='ocrx_word' id='word_1_167' title='bbox 650 1618 898 1674; x_wconf 84' lang='lat' dir='ltr'><strong>sequimini.</strong></span> <span class='ocrx_word' id='word_1_168' title='bbox 927 1620 1122 1663; x_wconf 77' lang='lat' dir='ltr'><strong>imitatio</strong></span> <span class='ocrx_word' id='word_1_169' title='bbox 1155 1621 1365 1665; x_wconf 84' lang='lat' dir='ltr'><strong>videlicet</strong></span> <span class='ocrx_word' id='word_1_170' title='bbox 1396 1633 1440 1665; x_wconf 89' lang='lat' dir='ltr'><strong>et</strong></span> <span class='ocrx_word' id='word_1_171' title='bbox 1459 1624 1559 1667; x_wconf 88' lang='lat' dir='ltr'><strong>effi-</strong></span> 
     </span>
     <span class='ocr_line' id='line_1_23' title="bbox 166 1687 1559 1748; baseline 0 -13"><span class='ocrx_word' id='word_1_172' title='bbox 166 1693 252 1735; x_wconf 84' lang='lat' dir='ltr'><strong>ctio</strong></span> <span class='ocrx_word' id='word_1_173' title='bbox 282 1687 518 1733; x_wconf 69' lang='lat' dir='ltr'><strong>necessario</strong></span> <span class='ocrx_word' id='word_1_174' title='bbox 551 1688 654 1729; x_wconf 83' lang='lat' dir='ltr'><strong>sunt</strong></span> <span class='ocrx_word' id='word_1_175' title='bbox 697 1702 723 1729; x_wconf 91' lang='lat' dir='ltr'><strong>a</strong></span> <span class='ocrx_word' id='word_1_176' title='bbox 752 1687 881 1729; x_wconf 88' lang='lat' dir='ltr'><strong>nobis</strong></span> <span class='ocrx_word' id='word_1_177' title='bbox 912 1688 1119 1731; x_wconf 85' lang='lat' dir='ltr'><strong>omnibus</strong></span> <span class='ocrx_word' id='word_1_178' title='bbox 1151 1689 1292 1742; x_wconf 82' lang='lat' dir='ltr'><strong>dicta3</strong></span> <span class='ocrx_word' id='word_1_179' title='bbox 1330 1690 1559 1748; x_wconf 86' lang='lat' dir='ltr'><strong>pictorum</strong></span> 
     </span>
     <span class='ocr_line' id='line_1_24' title="bbox 166 1745 1560 1816; baseline 0.002 -15"><span class='ocrx_word' id='word_1_180' title='bbox 166 1767 319 1801; x_wconf 87' lang='lat' dir='ltr'><strong>autem</strong></span> <span class='ocrx_word' id='word_1_181' title='bbox 348 1757 619 1799; x_wconf 85' lang='lat' dir='ltr'><strong>effictionem</strong></span> <span class='ocrx_word' id='word_1_182' title='bbox 655 1756 704 1798; x_wconf 88' lang='lat' dir='ltr'><strong>in</strong></span> <span class='ocrx_word' id='word_1_183' title='bbox 736 1745 903 1797; x_wconf 87' lang='lat' dir='ltr'><strong>divinis</strong></span> <span class='ocrx_word' id='word_1_184' title='bbox 938 1765 982 1798; x_wconf 84' lang='lat' dir='ltr'><strong>et</strong></span> <span class='ocrx_word' id='word_1_185' title='bbox 1011 1758 1265 1800; x_wconf 82' lang='lat' dir='ltr'><strong>caelestibus</strong></span> <span class='ocrx_word' id='word_1_186' title='bbox 1297 1761 1560 1816; x_wconf 85' lang='lat' dir='ltr'><strong>corporibus</strong></span> 
     </span>
     <span class='ocr_line' id='line_1_25' title="bbox 165 1824 1560 1872; baseline 0.001 -3"><span class='ocrx_word' id='word_1_187' title='bbox 165 1829 422 1870; x_wconf 69' lang='lat' dir='ltr'><strong>versantem</strong></span> <span class='ocrx_word' id='word_1_188' title='bbox 464 1825 696 1868; x_wconf 85' lang='lat' dir='ltr'><strong>videamus</strong></span> <span class='ocrx_word' id='word_1_189' title='bbox 736 1824 911 1866; x_wconf 80' lang='lat' dir='ltr'><strong>ratione</strong></span> <span class='ocrx_word' id='word_1_190' title='bbox 941 1825 1167 1868; x_wconf 81' lang='lat' dir='ltr'><strong>facilitatis</strong></span> <span class='ocrx_word' id='word_1_191' title='bbox 1210 1834 1254 1868; x_wconf 78' lang='lat' dir='ltr'><strong>et</strong></span> <span class='ocrx_word' id='word_1_192' title='bbox 1288 1828 1560 1872; x_wconf 84' lang='lat' dir='ltr'><strong>difficultatis</strong></span> 
     </span>
     <span class='ocr_line' id='line_1_26' title="bbox 167 1894 1560 1956; baseline 0.001 -18"><span class='ocrx_word' id='word_1_193' title='bbox 167 1912 255 1953; x_wconf 89' lang='lat' dir='ltr'><strong>qua</strong></span> <span class='ocrx_word' id='word_1_194' title='bbox 275 1895 570 1953; x_wconf 86' lang='lat' dir='ltr'><strong>spectantibus</strong></span> <span class='ocrx_word' id='word_1_195' title='bbox 602 1894 844 1936; x_wconf 79' lang='lat' dir='ltr'><strong>videantur</strong></span> <span class='ocrx_word' id='word_1_196' title='bbox 874 1909 971 1936; x_wconf 84' lang='lat' dir='ltr'><strong>rem</strong></span> <span class='ocrx_word' id='word_1_197' title='bbox 1004 1895 1103 1936; x_wconf 81' lang='lat' dir='ltr'><strong>satis</strong></span> <span class='ocrx_word' id='word_1_198' title='bbox 1131 1895 1351 1939; x_wconf 85' lang='lat' dir='ltr'><strong>imitando</strong></span> <span class='ocrx_word' id='word_1_199' title='bbox 1376 1899 1560 1956; x_wconf 82' lang='lat' dir='ltr'><strong>expres-</strong></span> 
     </span>
     <span class='ocr_line' id='line_1_27' title="bbox 165 1961 1559 2024; baseline 0.002 -19"><span class='ocrx_word' id='word_1_200' title='bbox 165 1967 277 2015; x_wconf 81' lang='lat' dir='ltr'><strong>fiffe,</strong></span> <span class='ocrx_word' id='word_1_201' title='bbox 319 1972 364 2005; x_wconf 87' lang='lat' dir='ltr'><strong>et</strong></span> <span class='ocrx_word' id='word_1_202' title='bbox 394 1963 708 2020; x_wconf 84' lang='lat' dir='ltr'><strong>perspiciemus</strong></span> <span class='ocrx_word' id='word_1_203' title='bbox 748 1976 827 2002; x_wconf 87' lang='lat' dir='ltr'><strong>nos</strong></span> <span class='ocrx_word' id='word_1_204' title='bbox 861 1961 1062 2019; x_wconf 88' lang='lat' dir='ltr'><strong>primum</strong></span> <span class='ocrx_word' id='word_1_205' title='bbox 1102 1965 1380 2021; x_wconf 84' lang='lat' dir='ltr'><strong>acquiescere</strong></span> <span class='ocrx_word' id='word_1_206' title='bbox 1408 1968 1436 2008; x_wconf 80' lang='lat' dir='ltr'><strong>fi</strong></span> <span class='ocrx_word' id='word_1_207' title='bbox 1461 1966 1559 2024; x_wconf 88' lang='lat' dir='ltr'><strong>quis</strong></span> 
     </span>
     <span class='ocr_line' id='line_1_28' title="bbox 167 2030 1562 2088; baseline 0 -11"><span class='ocrx_word' id='word_1_208' title='bbox 167 2042 335 2078; x_wconf 81' lang='lat' dir='ltr'><strong>terram</strong></span> <span class='ocrx_word' id='word_1_209' title='bbox 355 2040 399 2073; x_wconf 83' lang='lat' dir='ltr'><strong>et</strong></span> <span class='ocrx_word' id='word_1_210' title='bbox 419 2039 592 2074; x_wconf 84' lang='lat' dir='ltr'><strong>montes</strong></span> <span class='ocrx_word' id='word_1_211' title='bbox 615 2039 659 2073; x_wconf 89' lang='lat' dir='ltr'><strong>et</strong></span> <span class='ocrx_word' id='word_1_212' title='bbox 679 2030 843 2072; x_wconf 84' lang='lat' dir='ltr'><strong>fluvios</strong></span> <span class='ocrx_word' id='word_1_213' title='bbox 865 2038 907 2072; x_wconf 90' lang='lat' dir='ltr'><strong>et</strong></span> <span class='ocrx_word' id='word_1_214' title='bbox 935 2031 1083 2088; x_wconf 79' lang='lat' dir='ltr'><strong>sylvas</strong></span> <span class='ocrx_word' id='word_1_215' title='bbox 1104 2040 1150 2074; x_wconf 86' lang='lat' dir='ltr'><strong>et</strong></span> <span class='ocrx_word' id='word_1_216' title='bbox 1177 2033 1353 2075; x_wconf 83' lang='lat' dir='ltr'><strong>caelum</strong></span> <span class='ocrx_word' id='word_1_217' title='bbox 1376 2035 1562 2077; x_wconf 82' lang='lat' dir='ltr'><strong>univer-</strong></span> 
     </span>
     <span class='ocr_line' id='line_1_29' title="bbox 168 2098 1561 2156; baseline 0 -12"><span class='ocrx_word' id='word_1_218' title='bbox 168 2103 266 2144; x_wconf 78' lang='lat' dir='ltr'><strong>[um</strong></span> <span class='ocrx_word' id='word_1_219' title='bbox 291 2115 453 2156; x_wconf 84' lang='lat' dir='ltr'><strong>resque</strong></span> <span class='ocrx_word' id='word_1_220' title='bbox 478 2115 591 2156; x_wconf 85' lang='lat' dir='ltr'><strong>quae</strong></span> <span class='ocrx_word' id='word_1_221' title='bbox 622 2100 738 2142; x_wconf 81' lang='lat' dir='ltr'><strong>circa</strong></span> <span class='ocrx_word' id='word_1_222' title='bbox 762 2098 935 2141; x_wconf 82' lang='lat' dir='ltr'><strong>caelum</strong></span> <span class='ocrx_word' id='word_1_223' title='bbox 959 2101 1060 2142; x_wconf 86' lang='lat' dir='ltr'><strong>sunt</strong></span> <span class='ocrx_word' id='word_1_224' title='bbox 1083 2109 1126 2143; x_wconf 84' lang='lat' dir='ltr'><strong>et</strong></span> <span class='ocrx_word' id='word_1_225' title='bbox 1159 2100 1374 2144; x_wconf 84' lang='lat' dir='ltr'><strong>seruntur</strong></span> <span class='ocrx_word' id='word_1_226' title='bbox 1399 2104 1471 2146; x_wconf 86' lang='lat' dir='ltr'><strong>vel</strong></span> <span class='ocrx_word' id='word_1_227' title='bbox 1492 2105 1561 2146; x_wconf 86' lang='lat' dir='ltr'><strong>le·-</strong></span> 
     </span>
     <span class='ocr_line' id='line_1_30' title="bbox 167 2167 1561 2229; baseline 0.003 -18"><span class='ocrx_word' id='word_1_228' title='bbox 167 2169 285 2211; x_wconf 84' lang='lat' dir='ltr'><strong>viter</strong></span> <span class='ocrx_word' id='word_1_229' title='bbox 308 2168 364 2210; x_wconf 87' lang='lat' dir='ltr'><strong>ad</strong></span> <span class='ocrx_word' id='word_1_230' title='bbox 388 2168 720 2210; x_wconf 77' lang='lat' dir='ltr'><strong>similitudinem</strong></span> <span class='ocrx_word' id='word_1_231' title='bbox 740 2167 908 2210; x_wconf 88' lang='lat' dir='ltr'><strong>imitari</strong></span> <span class='ocrx_word' id='word_1_232' title='bbox 927 2169 1083 2225; x_wconf 84' lang='lat' dir='ltr'><strong>posfit,</strong></span> <span class='ocrx_word' id='word_1_233' title='bbox 1115 2176 1368 2227; x_wconf 83' lang='lat' dir='ltr'><strong>praeterea,</strong></span> <span class='ocrx_word' id='word_1_234' title='bbox 1393 2172 1561 2229; x_wconf 88' lang='lat' dir='ltr'><strong>quippe</strong></span> 
     </span>
     <span class='ocr_line' id='line_1_31' title="bbox 166 2235 1558 2294; baseline 0.001 -14"><span class='ocrx_word' id='word_1_235' title='bbox 166 2245 422 2281; x_wconf 81' lang='lat' dir='ltr'><strong>accuratam</strong></span> <span class='ocrx_word' id='word_1_236' title='bbox 458 2253 549 2279; x_wconf 89' lang='lat' dir='ltr'><strong>non</strong></span> <span class='ocrx_word' id='word_1_237' title='bbox 583 2235 798 2279; x_wconf 87' lang='lat' dir='ltr'><strong>habentes</strong></span> <span class='ocrx_word' id='word_1_238' title='bbox 837 2236 1001 2279; x_wconf 86' lang='lat' dir='ltr'><strong>harum</strong></span> <span class='ocrx_word' id='word_1_239' title='bbox 1041 2253 1197 2281; x_wconf 85' lang='lat' dir='ltr'><strong>rerum</strong></span> <span class='ocrx_word' id='word_1_240' title='bbox 1241 2239 1558 2294; x_wconf 83' lang='lat' dir='ltr'><strong>cognitionem,</strong></span> 
     </span>
     <span class='ocr_line' id='line_1_32' title="bbox 166 2305 1561 2363; baseline 0.001 -14"><span class='ocrx_word' id='word_1_241' title='bbox 166 2316 315 2362; x_wconf 78' lang='lat' dir='ltr'><strong>neque</strong></span> <span class='ocrx_word' id='word_1_242' title='bbox 338 2306 573 2361; x_wconf 79' lang='lat' dir='ltr'><strong>exploraie</strong></span> <span class='ocrx_word' id='word_1_243' title='bbox 599 2319 746 2361; x_wconf 87' lang='lat' dir='ltr'><strong>neque</strong></span> <span class='ocrx_word' id='word_1_244' title='bbox 774 2305 1047 2362; x_wconf 82' lang='lat' dir='ltr'><strong>redarguere</strong></span> <span class='ocrx_word' id='word_1_245' title='bbox 1064 2306 1210 2363; x_wconf 83' lang='lat' dir='ltr'><strong>picta,</strong></span> <span class='ocrx_word' id='word_1_246' title='bbox 1242 2307 1317 2349; x_wconf 91' lang='lat' dir='ltr'><strong>sed</strong></span> <span class='ocrx_word' id='word_1_247' title='bbox 1338 2306 1561 2350; x_wconf 86' lang='lat' dir='ltr'><strong>effictione</strong></span> 
     </span>
     <span class='ocr_line' id='line_1_33' title="bbox 166 2373 1552 2432; baseline 0.001 -16"><span class='ocrx_word' id='word_1_248' title='bbox 166 2389 331 2417; x_wconf 86' lang='lat' dir='ltr'><strong>verum</strong></span> <span class='ocrx_word' id='word_1_249' title='bbox 364 2373 598 2416; x_wconf 87' lang='lat' dir='ltr'><strong>fimulante</strong></span> <span class='ocrx_word' id='word_1_250' title='bbox 629 2388 769 2432; x_wconf 85' lang='lat' dir='ltr'><strong>eaque</strong></span> <span class='ocrx_word' id='word_1_251' title='bbox 793 2373 980 2416; x_wconf 84' lang='lat' dir='ltr'><strong>obscura</strong></span> <span class='ocrx_word' id='word_1_252' title='bbox 1012 2381 1056 2415; x_wconf 89' lang='lat' dir='ltr'><strong>et</strong></span> <span class='ocrx_word' id='word_1_253' title='bbox 1086 2374 1243 2418; x_wconf 83' lang='lat' dir='ltr'><strong>fallace</strong></span> <span class='ocrx_word' id='word_1_254' title='bbox 1269 2376 1334 2418; x_wconf 85' lang='lat' dir='ltr'><strong>uti</strong></span> <span class='ocrx_word' id='word_1_255' title='bbox 1364 2375 1411 2419; x_wconf 89' lang='lat' dir='ltr'><strong>in</strong></span> <span class='ocrx_word' id='word_1_256' title='bbox 1444 2376 1552 2424; x_wconf 78' lang='lat' dir='ltr'><strong>illis;</strong></span> 
     </span>
     <span class='ocr_line' id='line_1_34' title="bbox 168 2442 1559 2502; baseline -0.001 -16"><span class='ocrx_word' id='word_1_257' title='bbox 168 2444 310 2487; x_wconf 79' lang='lat' dir='ltr'><strong>nostra</strong></span> <span class='ocrx_word' id='word_1_258' title='bbox 339 2449 490 2487; x_wconf 84' lang='lat' dir='ltr'><strong>contra</strong></span> <span class='ocrx_word' id='word_1_259' title='bbox 510 2453 704 2501; x_wconf 71' lang='lat' dir='ltr'><strong>corpora</strong></span> <span class='ocrx_word' id='word_1_260' title='bbox 733 2443 755 2486; x_wconf 82' lang='lat' dir='ltr'>fi</span> <span class='ocrx_word' id='word_1_261' title='bbox 780 2442 874 2500; x_wconf 90' lang='lat' dir='ltr'><strong>quis</strong></span> <span class='ocrx_word' id='word_1_262' title='bbox 897 2442 1135 2487; x_wconf 86' lang='lat' dir='ltr'><strong>instituerit</strong></span> <span class='ocrx_word' id='word_1_263' title='bbox 1156 2443 1391 2502; x_wconf 85' lang='lat' dir='ltr'><strong>effingere,</strong></span> <span class='ocrx_word' id='word_1_264' title='bbox 1425 2451 1559 2488; x_wconf 70' lang='lat' dir='ltr'><strong>acute</strong></span> 
     </span>
    </p>
   </div>
  </div>
 </body>
</html>
