1657 2876
627 80 956 126 TIMAEUS.
1407 98 1490 144 209

100 196 231 238 sunto
253 196 407 254 priora
435 195 562 239 nobis
585 209 697 251 quae
720 194 775 236 ad
803 209 966 250 corpus
989 202 1033 237 et
1054 197 1251 240 animum
1274 200 1488 257 spectant.

99 266 303 308 Primum
331 266 466 322 igitur
495 263 720 320 quomodo
743 262 892 319 ignem
921 263 1109 306 calidum
1143 267 1367 321 dicamus,
1411 268 1486 310 vi-

100 334 285 376 deamus
305 334 363 376 ita
385 332 701 377 considerantes
727 340 778 374 ut
799 331 1138 375 dissolutionem
1152 343 1193 375 et
1227 336 1490 380 divisionem

101 402 195 442 eius
226 403 268 443 in
308 416 495 460 corpore
515 403 660 443 nostro
692 401 855 443 factam
884 402 1146 458 spectemus.
1191 404 1489 448 etenimacu-

97 477 192 511 tam
213 471 405 525 aliquam
431 472 513 511 esse
533 469 828 523 affectionem,
857 485 1011 512 omnes
1034 469 1128 517 fere
1148 471 1387 521 sentimu83
1419 483 1489 515 te-

97 540 316 580 nuitatem
340 553 448 579 vero
479 539 667 581 laterum
693 548 735 580 et
752 539 1021 596 angulorum
1046 539 1187 582 aciem
1214 547 1257 581 et
1286 542 1488 597 particu-

96 608 243 650 larum
265 606 533 664 parvitatem
556 615 600 649 et
621 608 874 665 agitationis
893 607 1182 658 celeritatem,
1201 608 1363 664 quibus
1385 626 1488 652 om-

94 677 253 726 nibus,
301 690 438 732 quum
473 690 574 718 acer
612 677 660 718 sit
692 677 957 732 seeandique
988 676 1035 717 vi
1062 677 1313 733 praecliius,
1355 687 1486 721 acute

95 743 304 800 quicquid
334 745 516 786 obvium
545 744 596 786 fit
624 744 806 797 scindit,
839 744 1107 787 considerari
1140 754 1319 803 oportet
1348 748 1410 790 ita
1435 755 1488 790 ut

93 813 389 855 recordemur
433 813 526 855 eius
561 812 732 868 figurae
766 822 943 864 ortum,
987 813 1091 869 quia
1126 815 1323 856 maxime
1360 816 1486 868 haec,

93 882 178 923 alia
201 882 324 923 nulla
348 889 512 923 natura
546 881 753 922 dividens
781 897 967 940 corpora
990 884 1133 924 nostra
1156 891 1200 924 et
1223 884 1414 926 minutas
1436 884 1487 927 in

93 957 244 1007 partes
257 949 658 1006 dispertiens,hanc
681 965 813 1006 quam
835 966 953 992 nunc
967 951 1151 996 calidam
1174 951 1357 994 dicimus
1373 969 1485 996 con-

97 1018 331 1060 venienter
355 1026 398 1060 et
417 1018 697 1061 affectionem
722 1027 765 1060 et
791 1020 1135 1077 appellationem
1150 1020 1343 1075 praebet.
1357 1021 1486 1063 Con-

92 1087 284 1129 trarium
302 1102 412 1129 vero
429 1088 546 1129 illius
566 1087 845 1144 perspicuum
860 1089 1056 1142 quidem,
1070 1097 1266 1131 attamen
1281 1082 1486 1132 oratione

91 1169 185 1196 :non
210 1163 370 1197 careat.
410 1156 574 1196 etenim
597 1156 781 1197 humida
805 1170 918 1210 quae
946 1157 1185 1211 grandiora
1220 1156 1486 1200 humoribus

93 1224 295 1280 corporis
322 1223 490 1265 intrant
525 1231 568 1264 et
590 1223 769 1265 minora
799 1224 1046 1279 expellunt,
1075 1225 1124 1265 in
1155 1240 1310 1267 eorum
1335 1237 1485 1268 autem

91 1292 216 1333 sedes
235 1307 328 1334 non
356 1295 532 1349 poffunt
551 1290 743 1339 intrare,
775 1292 1088 1334 cona—udentia
1113 1291 1320 1335 humidas
1350 1295 1487 1338 nostri

91 1368 244 1418 partes
262 1368 305 1401 et
329 1375 385 1401 ex
409 1359 714 1415 inaeqnalibus
738 1359 1003 1415 agitatisque
1024 1361 1275 1403 immobiles
1297 1372 1486 1420 propter

93 1429 409 1484 aequalitatem
443 1437 485 1470 et
515 1427 883 1484 compressionem
906 1428 1138 1471 efficientia
1167 1431 1484 1487 compingunt3

94 1505 250 1539 contra
282 1509 492 1539 naturam
532 1511 642 1539 vero
676 1503 954 1538 contractum
985 1505 1206 1553 repugnat
1238 1499 1484 1542 secundum

92 1572 302 1606 naturam
325 1564 367 1604 se
389 1563 538 1620 ipsum
563 1564 610 1606 in
633 1564 908 1605 contrarium
937 1563 1193 1606 detrudens.
1237 1581 1354 1621 quae
1380 1567 1484 1624 qui-

93 1632 196 1673 dem
232 1647 383 1690 pugna
412 1641 454 1673 et
485 1632 706 1674 concussio
733 1639 902 1673 tremor
922 1641 964 1674 et
994 1633 1137 1689 rigor,
1170 1633 1310 1675 calida
1332 1642 1485 1677 autem

90 1701 202 1743 haec
222 1702 364 1744 omnis
385 1700 561 1743 affectio
577 1701 671 1742 etid
696 1702 815 1756 qnod
842 1716 939 1742 eam
959 1701 1098 1744 insert
1122 1702 1342 1759 appellata
1364 1703 1480 1744 sunt.

92 1769 258 1811 durum
283 1778 491 1817 vocatur,
532 1770 798 1825 cuicumque
831 1785 934 1811 caro
979 1772 1124 1812 nostra
1168 1770 1306 1822 cedit3
1349 1771 1485 1813 molle

93 1846 253 1880 contra
279 1839 398 1893 quod
424 1838 576 1890 carni,
610 1848 652 1880 et
680 1839 742 1880 ita
763 1839 881 1881 inter
902 1841 956 1880 ie.
977 1838 1096 1880 cedit
1115 1847 1263 1879 autem
1292 1838 1412 1893 quod
1436 1839 1485 1881 in

91 1921 234 1964 parvo
273 1905 444 1959 infistit3
499 1906 617 1961 quod
656 1922 762 1949 vero
803 1907 1127 1965 quadrangulas
1175 1906 1307 1947 habet
1345 1905 1483 1957 bases,

92 1974 260 2031 quippe
287 1974 419 2017 firme
447 1975 660 2028 infiste-ns,
694 1990 835 2030 genus
862 1978 920 2018 est
936 1976 1134 2018 maxime
1156 1971 1402 2022 reluctans,
1437 1982 1482 2016 et

91 2042 302 2099 quicquid
328 2042 376 2085 in
399 2043 657 2085 densitatem
681 2054 940 2087 concretum
965 2045 1209 2101 plurimam
1238 2058 1342 2098 prae
1361 2051 1485 2084 cete-

91 2110 156 2152 ris
170 2113 330 2154 refistit.
351 2126 486 2167 grave
497 2114 649 2154 etleve
662 2114 689 2154 fi
702 2129 752 2153 eo
768 2112 883 2168 quod
897 2114 1105 2154 deorsum
1119 2120 1164 2153 et
1185 2111 1355 2151 sursum
1373 2111 1484 2153 ferri

95 2179 506 2233 dicituriudicetur,
528 2182 759 2224 clarissime
774 2182 1024 2223 illustretur.
1056 2186 1219 2221 natm-a
1232 2179 1352 2219 enim
1371 2180 1485 2222 duos

94 2249 310 2304 quosdam
353 2253 436 2292 effe
472 2252 592 2292 locos
621 2249 827 2293 bifariam
864 2250 1176 2304 distinguentes
1206 2246 1480 2302 universum,

94 2330 260 2371 eosque
277 2318 542 2370 contrarios,
575 2334 717 2361 unum
744 2320 922 2375 quidem
947 2317 1205 2359 inferiorem
1221 2349 1233 2369 ‚
1264 2316 1320 2358 ad
1343 2331 1479 2371 quem

90 2383 302 2426 ferantur
327 2387 478 2428 omnia
502 2402 618 2441 quae
638 2389 800 2430 molem
824 2389 1046 2443 quandam
1061 2384 1479 2443 corporishabeant,

92 2453 281 2495 alterum
307 2454 607 2512 superiorem,
638 2457 690 2497 ad
712 2446 845 2512 quem
868 2455 1013 2497 invita
1033 2453 1182 2496 onmia
1195 2463 1478 2506 moveantur,

91 2524 216 2566 nullo
237 2523 372 2564 modo
393 2529 509 2565 recte
531 2524 727 2580 ponitur.
761 2525 1016 2567 universum
1041 2524 1159 2565 enim
1183 2523 1355 2564 caelum
1376 2522 1478 2577 quia

91 2592 322 2648 globosum
348 2593 420 2640 est,
450 2606 758 2651 quaecumque
778 2590 1021 2650 aequaliter
1041 2591 1202 2635 absunt
1223 2607 1247 2634 a
1266 2591 1413 2636 medio
1433 2596 1478 2632 et

153 2663 268 2702 Tom.
307 2661 355 2701 V.
1159 2660 1197 2701 Ο
