1657 2876
672 172 969 221 CRITIAS.
1432 200 1514 246 291,

126 284 340 329 fimiliter.
389 292 524 341 atque
555 283 689 327 etiam
722 285 777 327 de
818 287 961 343 figura
994 299 1036 333 et
1065 293 1259 350 imagine
1289 297 1420 349 deae,
1460 309 1510 345 ut

126 355 385 398 communia
406 362 501 396 tum
530 352 704 396 fuerint
732 356 993 401 mulieribus
1013 368 1058 401 et
1088 362 1194 404 viris
1227 364 1330 407 belli
1349 368 1504 422 studia,

123 425 186 467 ita
209 425 316 466 deae
352 429 548 466 armatae
577 422 860 465 simulacrum
893 427 948 467 ab
974 428 1092 470 illius
1120 433 1276 474 aetatis
1304 434 1508 480 homini-

122 494 204 535 bus
227 494 476 536 dedicatum
500 489 646 541 fuiffe3
666 493 784 546 quod
805 493 982 550 quidem
997 508 1260 552 argumento
1279 504 1349 554 est,
1366 519 1508 560 quae-

121 576 316 618 cumque
344 559 683 602 contubernatia
712 560 920 604 animatia
946 566 1027 606 sint
1056 568 1292 611 muliebria
1321 580 1362 613 et
1389 575 1506 617 viri-

116 631 201 680 lia,
237 644 396 672 eorum
417 628 629 684 quodque
650 630 811 671 natura
832 633 1130 676 communiter
1145 640 1262 692 posse
1282 640 1503 687 virtutem

119 699 281 753 cuique
302 696 454 754 generi
475 697 814 740 convenientem
847 700 1004 743 colere.
1065 702 1398 751 Habitaverunt
1419 727 1502 754 au-

117 775 207 809 tem
237 775 334 808 tum
362 767 406 807 in
427 765 562 808 hacce
583 773 704 807 terra
721 767 917 823 reliquae
947 771 1128 827 quidem
1158 773 1322 817 civium
1343 788 1499 833 gentes

114 835 163 878 in
187 835 396 893 operibus
427 833 646 876 faciundis
668 841 711 875 et
731 834 944 879 alimento
963 856 987 881 e
1011 848 1125 884 terra
1153 843 1369 899 capiendo
1391 862 1500 890 ver—

113 905 278 951 santes,
310 903 512 944 bellicosa
547 917 653 944 vero
675 917 701 943 a
721 904 828 946 viris
851 905 1012 950 divinis
1042 911 1263 967 principio
1295 914 1498 970 separata

112 973 329 1016 habitavit
356 973 576 1025 seorsum,
623 973 776 1014 omnia
809 975 861 1016 ad
896 975 1065 1020 victum
1100 988 1143 1020 et
1178 979 1496 1029 institutionem

113 1041 445 1083 accommodata
465 1040 656 1095 habem,
684 1042 923 1098 proprium
949 1054 1094 1087 autem
1124 1046 1237 1090 nihil
1260 1052 1497 1108 quisquam

113 1111 359 1166 poffidens,
393 1110 465 1151 sed
491 1109 641 1150 omnia
667 1109 871 1153 omnium
892 1115 1113 1156 censentes
1139 1115 1214 1158 fibi
1234 1123 1494 1166 communia

110 1179 213 1230 effe,
246 1194 327 1220 nec
354 1179 475 1219 ultra
496 1177 667 1219 victum
697 1180 983 1222 neceffarium
1017 1196 1211 1237 aequum
1242 1187 1494 1233 iudicantes

108 1245 348 1301 quicquam
387 1260 410 1285 a
442 1244 625 1300 reliquis
665 1247 865 1303 accipere
899 1249 1089 1304 civibus,
1130 1254 1368 1312 omniaque
1392 1257 1491 1302 heri

103 1321 356 1356 memorata
375 1313 514 1355 studia
535 1322 797 1356 exercentes
822 1330 936 1369 quae
959 1318 1074 1360 dicta
1095 1321 1198 1362 sunt
1218 1326 1388 1367 ratione
1408 1342 1489 1368 cu-

103 1382 275 1424 ssot-lum
309 1397 417 1436 quos
438 1381 716 1436 sumpfimus.
777 1383 925 1439 Atque
955 1385 1089 1426 etiam
1124 1391 1244 1442 quod
1277 1391 1333 1432 de
1365 1400 1490 1438 terra

104 1451 247 1492 nostra
269 1450 498 1492 dicebatur
519 1448 748 1505 probabile
786 1453 843 1492 est
868 1461 910 1494 et
942 1468 1126 1507 verum,
1157 1457 1355 1512 primum
1377 1461 1488 1505 fines„v

104 1534 202 1560 eam
237 1528 331 1561 tum
364 1517 561 1560 habuisse
598 1517 815 1557 distinctos
843 1518 1055 1561 Isthmum
1085 1525 1257 1577 versus,
1298 1535 1342 1569 et
1367 1532 1487 1582 quod

103 1587 324 1643 reliquam
356 1588 408 1628 ad
440 1586 741 1627 continentem
772 1586 947 1639 attinet,
990 1604 1131 1645 usque
1161 1592 1216 1633 ad
1249 1592 1488 1640 Cithaero-

100 1657 170 1699 nis
196 1665 240 1699 et
253 1656 485 1700 Parnethis
503 1655 719 1706 vertices,
751 1654 1011 1698 descendiffe
1027 1672 1133 1699 vero
1153 1658 1260 1701 fines
1282 1678 1306 1703 a
1327 1663 1486 1708 dextra

103 1726 316 1783 Oropiam
350 1723 562 1766 habentes
592 1729 634 1763 et
673 1738 697 1764 a
726 1722 888 1764 finistra
921 1724 976 1764 ad
1011 1740 1138 1767 mare
1172 1728 1485 1785 distinguentes

99 1795 322 1851 Asopum3
351 1792 511 1835 deinde
530 1790 727 1832 bonitate
750 1792 997 1833 universam
1030 1800 1198 1837 terram
1220 1797 1274 1838 ab
1296 1799 1378 1841 hac
1401 1806 1483 1845 effe

102 1864 383 1919 superatam3
423 1860 631 1915 quocirca
658 1859 792 1901 etiam
824 1860 1005 1902 vatuiffe
1035 1868 1134 1904 tum
1164 1866 1392 1920 regionem
1425 1872 1482 1913 ad

100 1931 345 1973 exercitum
366 1929 578 1971 alendum
607 1943 820 1984 magnum
853 1929 1117 1972 accolarum.
1159 1947 1375 1989 magnum
1397 1953 1482 1980 au-

98 2006 189 2040 tem
215 1997 424 2039 bonitatis
456 2004 770 2052 argumentum
795 1996 878 2039 hoc
899 1999 981 2048 est,
1014 2000 1131 2054 quod
1152 2015 1273 2042 nunc
1298 2003 1388 2046 eius
1406 2021 1481 2047 re-

97 2067 267 2121 liquiae
300 2081 404 2107 cum
439 2066 596 2120 quavis
624 2072 795 2106 certant
822 2066 1023 2108 omnium
1048 2082 1201 2110 rerum
1233 2068 1478 2124 fertilitate,

97 2133 331 2178 fructuum
353 2134 479 2191 copia
501 2141 545 2175 et
567 2135 830 2190 pascuorum
851 2134 1051 2187 ubertate
1072 2136 1279 2178 omnibus
1303 2140 1478 2182 anima-

97 2203 218 2246 libus
248 2203 413 2245 victum
443 2201 836 2259 suppeditandum.
879 2210 988 2244 tunc
1020 2218 1130 2244 vero
1159 2213 1338 2260 praeter
1367 2209 1476 2266 pul-

93 2271 397 2315 chritudinem
419 2272 528 2314 haec
550 2286 726 2327 quoque
744 2269 1103 2313 tulitadmodum
1131 2275 1318 2330 copiosa.
1360 2291 1477 2330 quo-

94 2341 232 2385 modo
257 2340 392 2397 igitur
419 2340 502 2381 hoc
530 2339 761 2397 probabile
795 2348 839 2381 et
868 2348 1087 2395 quatenus
1117 2341 1329 2397 reliquiae
1353 2344 1473 2388 illius

94 2420 244 2453 terrae
265 2416 384 2452 recte
415 2408 498 2451 hae
525 2408 766 2450 dicentur?
808 2409 951 2450 omnis
975 2423 1001 2450 a
1023 2408 1188 2464 reliqua
1215 2411 1473 2455 continente

93 2480 223 2533 longe
243 2478 450 2534 protensa
469 2478 522 2519 ad
545 2492 668 2519 mare
691 2485 918 2533 tamquam
951 2477 1312 2534 promontorium
1334 2480 1468 2531 iacet;

93 2561 232 2605 quam
256 2545 388 2590 maris
412 2560 486 2590 vas
514 2545 785 2590 circumfluit
805 2544 1094 2603 profundum.
1138 2546 1308 2589 multae
1331 2547 1471 2604 igitur

1099 2739 1194 2779 T2
