1657 2876
680 157 979 201 CRITIAS.
1448 156 1526 203 287

148 270 299 326 candi,
340 270 597 329 praesertim
630 269 940 326 Mnemosyne.
989 270 1134 314 ferme
1172 271 1290 315 enim
1331 272 1530 316 maxima

145 342 404 386 orationum
435 339 683 380 nostrarum
717 338 764 378 in
794 337 876 379 hac
908 339 987 381 dea
1011 340 1162 381 omnia
1191 342 1424 393 nituntur3
1452 356 1530 383 re·-

145 411 380 453 cordantes
399 406 514 449 enim
537 406 638 446 satis
661 412 705 446 et
729 406 1042 449 renunciantes
1065 424 1091 450 a
1120 407 1420 449 sacerdotibus
1442 408 1528 449 ali-

145 480 325 536 quando
347 476 486 519 relata
516 481 560 516 et
577 473 664 514 huc
684 489 709 515 a
735 473 900 517 Solone
926 476 1139 525 adducta,
1171 475 1258 516 scio
1279 475 1374 516 fere
1393 476 1528 518 etiam

144 548 248 590 huic
285 545 460 586 theatro
492 557 572 585 nos
593 543 766 584 visuros
789 546 870 586 effe
898 544 1206 588 convenientia
1237 551 1354 585 recte
1381 542 1528 585 absol-

143 630 268 658 vere.
311 620 356 653 et
390 611 473 656 hoc
499 609 647 667 ipsum
676 610 765 653 iam
791 610 1046 655 faciendum
1074 628 1158 655 nec
1188 612 1380 670 amplius
1410 626 1529 654 cun-

142 683 368 727 ctandum.

258 797 476 840 Omnium
496 794 630 851 igitur
650 795 847 851 primum
871 810 1281 846 commemoremus
1301 795 1527 837 summam

140 867 268 911 fuiffe
286 880 445 908 novem
468 863 657 906 millium
682 878 919 914 annorum,
940 880 999 907 ex
1023 880 1112 922 quo
1138 874 1339 922 tempore
1358 863 1528 904 bellum

140 938 301 993 gesfiffe
327 933 570 976 traduntur
592 934 669 987 qui
689 931 804 974 ultra
826 941 869 972 et.
895 934 968 988 qui
1002 934 1112 975 citra
1129 933 1330 976 Herculis
1349 931 1529 973 colum-

139 1021 219 1048 nas
265 1002 565 1045 habitaverint
609 1015 788 1050 omues;
831 1003 947 1056 quod
982 1017 1103 1043 nunc
1133 1001 1425 1043 narrandum.
1483 1006 1528 1040 et

140 1074 211 1117 his
232 1072 414 1130 quidem
434 1070 543 1111 haec
571 1068 726 1110 civitas
767 1069 991 1126 praefecta
1023 1069 1148 1112 fuisse
1173 1077 1412 1126 totumque
1432 1069 1527 1109 bei—-

139 1143 236 1185 lum
274 1138 529 1193 transegiffe
560 1137 809 1182 dicebatur,
842 1138 922 1180 illis
955 1153 1061 1180 vero
1086 1138 1321 1181 Atlamidis
1356 1137 1528 1178 insulae

136 1224 287 1264 reges,
317 1223 450 1263 quam
480 1205 657 1262 quidem
682 1205 824 1262 Libya
850 1214 893 1248 et
913 1207 1010 1249 Afia
1039 1209 1255 1249 maiorem
1287 1205 1527 1261 aliquando

138 1277 329 1320 insulam
348 1275 475 1316 fuisse
497 1274 780 1315 narravimus
798 1308 808 1322 ,
843 1291 962 1316 nunc
993 1284 1143 1317 autem
1173 1283 1361 1334 propter
1382 1281 1528 1315 terrae

139 1352 288 1387 motus
319 1342 591 1384 submersam
633 1354 826 1382 coenum
861 1343 1156 1398 innavigabile
1187 1344 1293 1386 hinc
1322 1343 1370 1385 in
1401 1356 1528 1383 mare

137 1414 330 1455 ulterius
351 1409 654 1465 enavigaturis
684 1408 875 1451 obiicere
892 1411 1264 1468 impedimentum
1290 1411 1527 1466 quominus

137 1483 258 1524 ultra
286 1478 496 1538 progredi
534 1477 717 1534 poffent.
764 1493 814 1519 ac
850 1479 1068 1534 plurimas
1104 1480 1285 1536 quidem
1328 1478 1529 1520 naiiones

138 1550 351 1593 barbaras
371 1556 413 1589 et
431 1553 540 1603 quot
561 1546 841 1588 Graecorum
868 1554 975 1588 tunc
994 1547 1160 1589 fuerint
1179 1556 1330 1604 gentes
1344 1581 1354 1600 ,
1387 1548 1528 1603 fingu-

94 1619 95 1622 '
137 1620 202 1662 las
225 1616 439 1663 orationis
475 1614 685 1671 expositio
714 1623 943 1670 tamquam
976 1617 1182 1658 revoluta
1216 1615 1295 1657 ubi
1317 1615 1530 1672 cuiusque

137 1687 308 1732 mentio
340 1684 506 1727 incidet
534 1682 799 1732 declarabit;
843 1684 1178 1727 Athenienfium
1207 1699 1316 1725 vero
1343 1682 1529 1724 illorum

139 1765 185 1799 et
211 1753 572 1798 adversariorum
607 1751 874 1807 quibuscum
904 1758 1164 1809 pugnarunt
1192 1755 1357 1794 neceffe
1385 1753 1441 1792 est
1472 1735 1541 1792 ab*

137 1823 268 1867 initio
290 1824 488 1879 primum
517 1835 743 1875 exponere
763 1821 1012 1877 potestatem
1039 1828 1083 1862 et
1109 1820 1320 1862 civitates.
1360 1820 1426 1861 his
1453 1818 1530 1875 ip-

139 1894 192 1936 fis
212 1901 362 1936 autem
383 1892 528 1933 nostra
552 1889 860 1947 anteponenda
881 1889 1095 1947 priusque
1116 1888 1367 1931 enarranda
1386 1889 1499 1929 sunt.

253 2006 329 2050 Dii
365 2005 568 2047 videlicet
600 2003 857 2046 universam
895 2012 1064 2047 terram
1101 2002 1339 2058 aliquando
1367 2002 1529 2044 secun·-

138 2077 245 2120 dum
278 2076 398 2118 locos
430 2074 549 2115 inter
577 2073 618 2113 se
648 2072 788 2114 sortiti
818 2075 942 2124 sunt,
974 2089 1064 2116 non
1098 2088 1178 2130 per
1212 2072 1334 2114 litem
1361 2073 1529 2127 (neque

139 2143 261 2187 enim
282 2143 632 2184 consentaneum
656 2144 758 2183 effet
781 2140 925 2183 dicere
946 2142 1051 2184 deos
1081 2140 1290 2197 ignorare
1313 2140 1418 2194 quid
1439 2139 1529 2182 cui-

138 2227 225 2269 que
250 2210 451 2269 ipsorum
477 2208 757 2261 conveniret,
789 2210 862 2251 vel
883 2210 1070 2252 scientes
1095 2209 1209 2266 quod
1232 2209 1285 2250 ad
1308 2209 1414 2251 alios
1436 2223 1529 2250 ma-

138 2281 205 2339 gis
234 2280 481 2340 pertineiet
510 2278 554 2320 id
587 2277 696 2319 alios
730 2278 944 2335 litigando
975 2278 1127 2319 conari
1157 2277 1422 2329 vindicare),
1452 2276 1528 2318 sed

138 2350 251 2392 iuris
283 2347 469 2390 sortibus
500 2354 673 2403 gratum
709 2345 785 2387 fibi
821 2347 934 2388 nacti
969 2347 1170 2402 regiones
1195 2344 1421 2388 domicilio
1450 2343 1527 2384 fibi

142 2416 431 2472 delegerunt,
460 2415 622 2471 hisque
649 2415 854 2468 delectis,
887 2415 996 2456 ficut
1018 2415 1209 2472 pastores
1239 2427 1415 2470 greges,
1446 2426 1529 2453 nos

142 2485 367 2541 mancipia
397 2491 440 2525 et
469 2485 672 2526 alumnos
707 2485 805 2524 suos
834 2483 1148 2528 nutriverunt,
1181 2482 1256 2524 nifi
1286 2481 1405 2537 quod
1436 2494 1528 2521 non

139 2551 402 2612 corporibus
422 2567 613 2610 corpora
632 2553 897 2609 coegerunt,
931 2550 1315 2608 quemadmodum
1336 2549 1530 2605 pastores
