1657 2876
628 124 960 169 TIMAEUS.
1403 125 1482 180 267

105 236 188 277 bns
210 236 264 278 de
279 237 412 279 causis
429 234 664 278 exsistimus
688 235 874 277 minime
898 252 921 276 e
942 238 1174 279 voluntate
1194 240 1336 281 nostra
1357 237 1480 296 aptis.

106 319 298 360 quorum
335 305 509 360 quidem
539 304 668 359 culpa
700 305 1037 359 procreantibus
1069 305 1317 361 quibusque
1344 307 1485 361 magis

107 371 389 414 attribuenda
417 374 473 413 est
506 386 636 427 quam
677 373 917 427 procreatis
951 381 993 415 et
1018 374 1311 416 educantibus
1347 375 1486 429 magis

106 454 242 494 quam
269 440 488 489 educatis,
523 441 774 482 conandum
796 456 927 488 vero,
961 442 1187 495 quomodo
1207 442 1307 496 quis
1336 444 1485 498 potest,

105 523 187 564 per
211 508 520 550 educationem
547 517 590 550 et
608 508 745 550 studia
765 516 806 550 et
829 508 1078 566 disciplinas
1104 509 1261 567 fugere
1283 511 1484 565 pravita-

105 583 222 623 tem,
255 577 522 617 contrarium
556 585 705 618 antem
734 577 918 632 assequi.
951 576 1059 618 haec
1078 593 1186 620 vero
1213 577 1346 621 aliam
1377 579 1488 620 defi-

108 642 264 686 derant
283 645 536 700 disputandi
562 646 794 687 rationem.

219 712 289 753 De
311 728 361 753 eo
383 721 530 755 autem
557 714 671 769 quod
695 730 749 755 ex
769 715 905 757 altera
924 721 1052 772 parte
1074 713 1142 754 his
1161 715 1411 769 respondet,
1435 714 1490 756 de

105 793 349 836 corporum
372 789 413 821 et
439 782 754 838 cogitationum
778 785 1032 829 curatione,
1065 782 1226 837 quibus
1250 785 1385 824 caufis
1405 783 1490 825 ad-

106 848 363 889 iuvantibus
376 850 712 904 conserventur,
725 854 1070 894 consentaneum
1086 858 1129 892 et
1140 851 1410 893 conveniens
1432 853 1491 893 est

106 915 290 957 vicissim
313 918 499 974 exponi:
524 919 701 974 aequius
720 920 837 961 enim
863 923 921 962 est
944 920 1167 962 bonorum
1191 933 1325 974 quam
1348 919 1491 960 malo-

107 1001 210 1027 rum
231 987 450 1028 rationem
470 987 651 1028 habere.
671 1002 805 1028 omne
825 988 958 1042 igitur
973 989 1142 1030 bonum
1159 989 1216 1029 est
1231 987 1491 1045 pulchrum,

108 1055 349 1111 pulchrum
375 1070 476 1096 vero
496 1055 616 1096 hand
642 1044 1010 1108 immoderatum‚·
1033 1057 1184 1110 itaque
1198 1056 1493 1110 animalque-

108 1137 196 1177 que
221 1124 307 1165 tale
332 1125 531 1164 l'uturum
562 1123 848 1165 moderatum
872 1133 920 1166 et
943 1126 1211 1167 concinnum
1238 1125 1295 1164 est
1316 1138 1494 1179 ponen-

109 1193 228 1233 dum.
258 1200 301 1232 et
318 1207 376 1233 ex
396 1191 634 1232 moderatis
656 1191 831 1245 quidem
851 1207 900 1234 ea
912 1208 1020 1247 quae
1032 1209 1172 1251 parva
1186 1193 1288 1234 sunt
1301 1193 1495 1249 percipi-

108 1273 209 1300 mus
229 1267 272 1300 et
293 1259 556 1314 colligimus,
573 1258 792 1300 veriffima
816 1268 968 1302 autem
984 1261 1235 1303 etmaxima
1251 1260 1372 1303 haud
1385 1275 1495 1303 con-

107 1327 360 1369 sideramus.
392 1342 493 1367 nan]
519 1328 571 1367 ad
597 1327 804 1367 sanitates
827 1337 870 1368 et
886 1329 1083 1380 morbos,
1109 1330 1300 1370 virtutes
1320 1337 1366 1370 et
1384 1344 1497 1385 pra-

109 1395 265 1435 vitates
293 1395 417 1435 nulla
441 1394 685 1435 moderatio
719 1402 761 1434 et
783 1395 1097 1437 immoderatio
1115 1397 1259 1436 maior
1280 1397 1338 1437 est
1359 1411 1495 1451 quam

110 1461 249 1503 animi
280 1464 410 1519 ipsius
430 1462 482 1503 ad
506 1477 668 1517 corpus
695 1463 865 1518 ipsumg
899 1478 1093 1518 quorum
1121 1463 1233 1505 nihil
1253 1464 1497 1520 perpendi·-

112 1545 214 1571 mus
245 1545 389 1586 neque
424 1530 735 1584 ixitellig3111=w‚
768 1532 971 1573 animum
999 1531 1228 1573 robustum
1259 1532 1496 1574 omnibus-

112 1614 198 1653 que
212 1599 413 1653 partibus
430 1613 640 1653 magnum
656 1599 711 1639 im
720 1598 915 1640 beciliior
924 1598 1161 1656 minorque
1185 1591 1345 1654 species
1355 1614 1496 1657 quum

113 1666 272 1716 vehat,
306 1682 538 1721 quumque
563 1669 788 1708 contrario
820 1666 956 1708 modo
983 1667 1115 1708 ambo
1146 1669 1226 1708 fint
1253 1677 1496 1724 compacta,

114 1750 203 1775 non
231 1736 468 1792 pub-hrum
495 1738 577 1776 effe
596 1743 738 1776 totum
771 1736 936 1777 animal
959 1735 1231 1786 (abhorrere
1251 1735 1371 1777 enim
1397 1753 1498 1779 ma-

114 1803 238 1844 xima
259 1819 282 1844 a
307 1802 614 1845 convenientia
638 1810 681 1843 et
701 1802 1038 1856 moderatione),
1056 1804 1100 1845 id
1123 1819 1232 1845 vero
1256 1806 1373 1861 quod
1396 1821 1497 1847 con-

115 1881 185 1913 tra
209 1874 250 1912 se
278 1871 438 1913 habeat
467 1871 668 1912 omnium
707 1874 788 1913 esse
818 1872 1176 1927 spectaculorum
1208 1871 1248 1912 ei
1282 1871 1358 1926 qui
1392 1888 1500 1928 per-

115 1941 284 1998 spicere
303 1941 429 1997 possit
452 1939 804 1996 pulcherrimum
826 1947 869 1980 et
889 1939 1258 1982 amabilissimum.
1279 1940 1499 1995 quemad·

115 2009 300 2052 modum
327 2010 464 2063 igitur
493 2022 654 2062 corpus
681 2008 801 2061 quod
833 2008 1072 2063 grandiora
1099 2008 1234 2051 habet
1268 2023 1400 2050 crura
1430 2010 1499 2052 vel

117 2080 205 2121 alio
229 2079 443 2134 quopiam
469 2075 625 2117 habitu
653 2076 791 2116 nimio
813 2076 1019 2118 affectum
1049 2076 1214 2132 sibique
1241 2076 1362 2118 haud
1389 2092 1501 2119 con-

117 2147 300 2188 veniens
332 2160 414 2187 nec
445 2145 728 2186 moderatum
761 2145 816 2185 est
846 2145 973 2186 fimul
1012 2143 1216 2186 deforme
1249 2144 1288 2185 se
1319 2145 1502 2186 exhibet

118 2216 336 2269 simulque
363 2213 409 2254 in
453 2212 658 2254 laborum
695 2212 1015 2254 communitate
1041 2213 1202 2254 multas
1235 2212 1501 2255 lasfitudines

119 2283 372 2337 multasque
405 2282 706 2322 convulfiones
741 2288 784 2321 et
817 2288 1000 2338 propter
1031 2280 1332 2323 vacillationes
1355 2282 1502 2337 lapsus

121 2350 255 2392 efficit
280 2349 543 2405 infinitaque
577 2350 650 2391 fibi
684 2349 801 2390 mala
824 2349 983 2400 infert,
1014 2347 1133 2389 idem
1165 2349 1501 2392 existimandum

122 2421 179 2460 est
201 2419 334 2460 etiam
363 2418 417 2458 de
450 2425 640 2472 utroque
669 2417 928 2468 coniuncto,
961 2416 1128 2459 animal
1153 2419 1271 2474 quod
1304 2418 1503 2474 appella-

121 2502 245 2529 mus:
278 2486 453 2541 quando
476 2486 678 2528 videlicet
705 2487 749 2528 in
786 2502 836 2528 eo
857 2486 1033 2528 animus
1051 2485 1149 2527 infit
1168 2485 1390 2541 potentior
1411 2499 1505 2526 cor·

122 2570 232 2612 pore
257 2555 590 2609 exsultansque,
604 2569 706 2596 eum
724 2562 864 2596 totum
889 2562 1123 2595 concutere
1147 2553 1358 2608 intusque
1379 2567 1505 2594 mor-

123 2624 190 2665 bis
206 2624 417 2681 implere‚
454 2629 495 2663 ct
518 2636 656 2677 quum
680 2623 734 2664 ad
756 2621 1002 2679 disciplinas
1029 2621 1198 2679 aliquas
1226 2629 1270 2662 et
1291 2619 1505 2675 quaestio-
