1657 2876
583 134 912 179 TIMAEUS.
1353 135 1434 178 265

61 248 215 292 dolore
244 246 384 290 nimio
412 247 620 297 aflectus,
671 248 776 288 dum
811 247 896 288 hoc
935 248 1114 303 quidem
1146 250 1437 292 immoderate

60 317 201 358 studet
220 317 409 372 assequi,
449 316 555 356 iliud
587 329 695 355 vero
722 313 901 370 fugere,
932 330 1079 371 neque
1111 318 1263 359 videre
1293 334 1437 374 nequo

61 384 217 425 audire.
236 385 472 439 quicquam
495 391 613 425 recte
638 384 799 439 potest,
832 383 902 424 sed
925 383 1037 425 furit
1058 392 1102 425 et
1121 386 1300 428 rationis
1319 402 1436 429 com-

59 467 140 510 pos
159 453 346 494 minime
366 454 446 494 effe
470 459 564 492 tum
594 454 741 507 potest.
792 453 941 493 semen
971 460 1119 494 autem
1153 455 1223 496 cui
1245 455 1437 497 multum

58 521 270 576 largeque
290 520 432 562 fluens
456 519 568 561 circa
601 521 840 562 medullam
874 520 1060 577 obtingit
1092 527 1134 562 et
1165 522 1220 562 fic
1250 537 1437 579 compa-

59 596 210 630 ratum
234 599 282 630 ut
309 588 443 629 arbor
465 588 594 629 nimis
616 588 830 641 secunda,
860 588 894 630 is
916 589 1078 629 multos
1110 589 1288 632 dolores
1317 592 1439 632 mul·-

60 663 211 710 tasque
229 656 477 712 voluptates
492 657 535 697 in
552 656 866 712 cupiditatibus
886 671 1130 712 earumque
1146 657 1310 700 fetibus
1332 674 1439 715 per-

59 724 192 780 cipit,
224 723 415 766 furiosus
443 725 782 780 permaximam
814 724 928 766 vitae
957 734 1130 782 partem
1151 727 1305 767 exfistit
1327 741 1439 783 pro-

58 800 159 848 pter
181 792 402 835 maximas
425 793 677 848 voluptates
703 801 745 833 et
765 792 940 834 dolores
956 825 967 840 ,
987 801 1053 844 et,
1070 795 1271 835 animum
1299 807 1440 850 quum

57 859 217 902 habeat
237 868 541 916 aegrotantem
568 875 616 900 ac
645 861 897 902 dementem
923 876 1004 919 per
1035 876 1217 919 corpt1S,
1248 877 1338 904 non
1360 877 1441 903 ae-

56 937 234 983 grotus,
260 930 326 969 sed
352 931 465 971 ultro
487 929 628 969 matus
653 930 765 970 mate
786 929 1068 972 existimatur.
1102 931 1265 973 veritas
1285 939 1435 973 autem

56 997 108 1037 fic
129 998 170 1037 se
186 997 338 1038 habet:
361 1013 511 1038 rerum
531 998 833 1040 Venerearum
847 997 1190 1054 intemperantia
1211 1013 1371 1053 magna
1383 1014 1439 1041 ex

56 1073 183 1122 parte
206 1081 284 1122 per
306 1066 436 1107 unius
466 1066 638 1120 generis
665 1065 865 1108 habitum
890 1074 1077 1122 propter
1097 1068 1249 1108 osfium
1273 1069 1441 1110 rarita-

55 1140 146 1174 tem
166 1133 210 1173 in
230 1149 418 1189 corpore
441 1134 696 1176 affluentem
726 1141 769 1175 et
798 1134 1039 1176 humidum
1076 1137 1276 1178 exsistens
1301 1136 1440 1178 animi

55 1201 243 1243 morbus
262 1203 421 1244 evadit.
455 1211 497 1242 et
519 1203 661 1243 omnis
682 1202 774 1243 sere
794 1203 1075 1258 voluptatum
1098 1203 1440 1262 intemperantia

56 1285 168 1326 quae
196 1269 362 1327 probro
392 1269 610 1320 habetur,
652 1272 769 1325 quasi
798 1271 1004 1312 homines
1046 1273 1124 1314 sua
1163 1273 1318 1329 sponte
1360 1274 1442 1314 fint

56 1338 162 1381 mati
178 1371 191 1391 ‚
231 1354 320 1379 non
363 1346 479 1379 recte
507 1338 831 1394 exprobratum
873 1339 1015 1380 malus
1051 1341 1169 1381 enim
1209 1355 1344 1382 nemo
1383 1341 1441 1382 est

57 1409 131 1449 sua
157 1408 335 1463 sponte,
358 1407 429 1447 sed
456 1421 535 1461 por
557 1420 746 1463 pravum
769 1407 993 1460 quendam
1016 1407 1216 1463 corporis
1236 1408 1440 1449 habitum

57 1484 100 1516 et
121 1475 334 1516 incutiam
363 1473 672 1516 educationem
704 1475 846 1515 malus
868 1475 1026 1517 exfistit
1050 1476 1321 1532 quicumque
1341 1491 1440 1517 ma-

56 1544 122 1585 lus
145 1543 319 1591 evadit,
349 1550 393 1583 et
413 1541 573 1596 cuique
592 1542 674 1582 hoc
695 1541 933 1584 adversum
955 1544 1014 1584 est
1038 1551 1082 1584 et
1104 1542 1248 1585 invito
1271 1543 1440 1587 accidit.

58 1622 99 1654 et
130 1614 281 1655 rursus
314 1611 430 1666 quod
460 1610 512 1650 ad
550 1609 725 1651 dolores
760 1610 915 1651 attinet
940 1611 1117 1652 animus
1143 1610 1342 1653 fimiliter
1359 1627 1441 1668 per

58 1697 222 1739 corpus
249 1681 437 1721 multam
461 1678 625 1734 accipit
654 1678 939 1733 pravitatem.
980 1679 1158 1734 quando
1180 1678 1300 1721 enim
1329 1680 1440 1721 acris

59 1759 101 1792 et
121 1750 248 1792 salsae
274 1748 460 1805 pituitae
482 1746 696 1788 humores
721 1753 762 1786 et
783 1745 1056 1802 quicumque
1074 1747 1214 1789 amari
1235 1755 1279 1789 et
1300 1747 1440 1789 biliofi

58 1835 138 1877 per
167 1832 328 1874 corpus
357 1824 566 1871 vagantes
586 1815 704 1856 foras
729 1813 1067 1870 respirationem
1089 1830 1180 1856 non
1203 1815 1441 1873 accipiunt,

59 1888 130 1930 sed
154 1887 269 1928 intus
291 1884 509 1926 constricti
533 1883 720 1925 halitum
739 1884 867 1924 suum
889 1898 989 1924 cum
1014 1883 1150 1925 animi
1172 1884 1299 1925 cursu
1322 1898 1441 1925 com·

58 1957 241 2000 miscent
271 1962 311 1994 et
342 1959 617 2009 temperant,
658 1951 803 1993 varios
832 1951 970 1993 animi
1008 1951 1188 1993 morbos
1218 1950 1438 2001 inferunt,

58 2024 197 2080 magis
232 2030 277 2064 et
313 2021 486 2071 minus,
522 2021 752 2076 pauciores
781 2027 824 2061 et
854 2020 1027 2076 plures3
1071 2027 1112 2061 et
1145 2019 1197 2061 ad
1226 2026 1313 2059 tres
1341 2018 1440 2060 illos

59 2090 198 2134 animi
220 2091 338 2131 locos
365 2089 519 2135 delati,
552 2088 596 2129 in
621 2103 951 2144 quemcumque
980 2088 1167 2144 quisque
1192 2101 1346 2127 corum
1368 2085 1441 2127 in-

58 2160 222 2211 currit,
253 2159 399 2199 varias
429 2156 652 2213 distinguit
684 2156 942 2198 morositatis
966 2165 1009 2198 et
1041 2155 1238 2198 tristitiae
1258 2153 1438 2210 species,

59 2227 203 2269 varias
225 2226 443 2280 distinguit
465 2224 674 2267 audaciae
695 2233 737 2266 et
757 2224 1027 2277 timiditatis,
1054 2231 1282 2281 praeterea
1305 2222 1439 2263 etiam

62 2295 306 2337 oblivionis
330 2294 534 2348 tardique
556 2293 711 2347 ingeni.
744 2293 795 2335 ad
825 2293 932 2335 haec
956 2309 1062 2335 vero
1083 2305 1215 2348 quum
1239 2290 1300 2331 ita
1323 2290 1440 2332 male

63 2363 278 2405 concretis
315 2362 514 2403 civitates
545 2362 764 2404 accedunt
794 2377 958 2418 pravae
981 2368 1023 2402 et
1042 2362 1267 2402 sermones
1287 2359 1439 2401 huius-

62 2430 184 2473 modi
216 2431 261 2471 in
297 2429 546 2471 civitatibus
584 2431 795 2487 privatim
831 2438 873 2472 et
911 2429 1089 2487 publice
1130 2427 1436 2473 conferuntur,

62 2507 290 2558 praeterea
318 2498 568 2555 disciplinae
603 2499 860 2555 neutiquam
894 2498 957 2539 his
989 2497 1211 2540 medentes
1243 2512 1267 2538 a
1289 2495 1440 2554 pueris

63 2567 383 2626 percipiuntur,
399 2575 492 2610 tum
514 2568 638 2624 pravi
658 2582 810 2611 omnes
831 2565 907 2623 qui
927 2564 1056 2622 pravi
1074 2564 1303 2609 evadimus
1327 2563 1438 2605 dua-
