1657 2876
565 143 910 188 TIMAEUS.
1354 142 1440 187 255

52 272 146 308 rata
168 265 236 307 est.
277 261 443 306 etenim
464 270 770 314 quaecumque
786 255 1009 311 triangula
1022 259 1168 315 prima
1186 262 1307 299 recta
1326 257 1439 299 etle-

53 333 129 374 via
157 339 282 374 erant
303 327 588 380 maximeque
620 325 783 367 idonea
805 325 860 366 ad
886 325 1035 381 ignem
1056 333 1100 368 et
1116 340 1278 380 aquam
1303 333 1349 366 et
1367 325 1437 367 δὲ’·

52 416 150 443 rem
174 407 218 441 et
247 407 410 440 terram
438 401 642 436 accurate
671 391 944 444 exhibenda,
975 393 1084 435 haec
1113 392 1224 434 deus
1251 408 1392 449 quum
1411 409 1440 436 a

52 468 139 509 suis
157 478 357 523 quaeque
366 461 603 519 generibus
622 461 812 503 seorsum
826 460 1072 502 {eci-eviffet
1089 467 1130 501 ct
1143 462 1440 517 congruentia

53 536 173 577 inter
197 535 237 575 se
257 531 500 582 misenum,
529 528 749 571 seminum
772 528 917 570 omnis
933 527 1108 582 generis
1131 528 1317 570 cinnum
1339 529 1440 571 uni-

54 604 183 644 verso
203 599 381 643 mortali
410 597 562 654 generi
587 595 882 649 machinatus,
914 596 1159 639 medullam
1184 597 1310 639 exiis
1329 597 1440 639 effe.-

54 671 135 722 cit,
177 667 337 710 deinde
363 665 476 707 sevit
503 666 549 707 in
583 680 634 705 ea
663 672 798 720 atque
822 664 1243 707 defixitanimorum
1259 680 1438 721 genera,

53 745 98 780 et
117 743 227 793 quot
257 735 498 792 qualesque
525 733 735 774 habitura
766 734 899 775 effent
924 732 1090 789 figuras
1118 733 1314 787 fingulae
1338 735 1442 790 spe-

54 806 163 857 cies,
194 803 436 846 medullam
468 802 606 857 ipsam
642 802 691 842 in
721 808 782 843 tot
805 801 996 858 talesque
1016 801 1240 846 distribuit
1272 801 1441 859 figuras

52 872 194 916 statim
218 872 364 929 prima
384 871 431 912 in
459 869 679 911 divifione.
713 877 758 910 et
777 884 874 912 eam
895 869 1071 924 quidem
1095 870 1321 913 medullae
1342 886 1442 928 par-

56 950 146 983 tem
172 955 287 996 quae
309 938 514 980 divinum
552 939 700 978 semen
716 972 726 990 ‚
758 945 986 995 tamquam
1014 952 1196 989 arvum,
1229 937 1276 979 in
1298 939 1341 979 se
1357 938 1440 981 ha-

56 1010 208 1052 bitura
231 1015 347 1058 erat,
378 1005 601 1062 globosam
621 1006 832 1049 omnibus
852 1005 1049 1063 partibus
1068 1005 1203 1048 finxit
1230 1014 1274 1047 et
1294 1007 1442 1065 appel-

56 1078 165 1120 lavit
190 1074 438 1130 ἐγκέφαλον
466 1073 756 1127 (cerebrum),
787 1074 995 1130 quoniam
1018 1073 1242 1116 animante
1264 1089 1445 1130 quoque

56 1145 255 1186 absoluto
281 1142 409 1184 huius
427 1143 758 1200 receptaculum
780 1143 933 1185 sutura
954 1144 1053 1183 ess‘et
1069 1139 1238 1197 κεφαλή
1247 1144 1446 1199 (caput);

56 1228 172 1270 quae
199 1207 306 1253 vero
343 1209 561 1266 reliquam
597 1219 641 1252 et
681 1211 918 1253 mortalem
955 1210 1094 1253 animi
1130 1217 1309 1267 partem
1350 1218 1446 1254 erat

55 1279 467 1338 comprehensura,
511 1292 608 1319 eam
645 1278 692 1318 in
730 1277 946 1320 rotundas
988 1278 1203 1333 fimulque
1236 1278 1447 1335 oblongas

59 1349 204 1392 divifit
232 1346 394 1402 figuras
424 1353 654 1402 totamque
684 1345 923 1387 medullam
960 1346 1214 1387 nominavit
1239 1355 1296 1396 et,
1327 1349 1447 1403 quali

60 1431 228 1459 ancora
249 1416 389 1465 iacta,
430 1413 513 1454 hae
547 1412 754 1455 stabilivit
780 1413 978 1455 univerfi
1009 1412 1149 1455 animi
1171 1414 1351 1459 vincula
1379 1424 1446 1457 to-

59 1496 247 1540 tumque
282 1482 369 1524 iam
403 1496 563 1538 corpus
587 1483 782 1523 nostrum
811 1481 927 1521 circa
949 1495 1046 1522 eam
1070 1480 1275 1536 absolvit,
1305 1499 1446 1538 quum

59 1553 185 1612 prius
208 1552 249 1593 ei
269 1556 575 1606 tegumentum
592 1548 872 1604 compegill'et
892 1549 1060 1603 septum
1075 1552 1256 1593 oss‘eum.
1279 1552 1342 1593 Os
1363 1567 1448 1594 au—

61 1631 151 1663 tem
170 1617 399 1676 componit
415 1618 488 1659 ita.
500 1625 669 1659 terram
692 1616 931 1660 cribratam
948 1631 1109 1672 puram
1127 1625 1173 1659 et
1189 1619 1336 1661 levem
1349 1620 1450 1660 sub·

63 1688 151 1744 egit
170 1685 457 1741 medullaque
479 1684 713 1732 imbuit‚et
745 1684 904 1726 deinde
924 1686 970 1728 in
988 1687 1138 1741 ignem
1163 1700 1262 1728 eam
1284 1686 1436 1737 iniicit,

62 1758 209 1815 postea
248 1754 295 1796 in
322 1768 484 1810 aquam
513 1753 760 1810 immergit,
791 1754 1032 1810 rursusque
1059 1754 1107 1795 in
1140 1755 1286 1809 ignem
1320 1755 1437 1798 iter-

63 1837 240 1879 umque
270 1821 318 1864 in
347 1836 532 1876 aquam;
575 1829 619 1862 et
650 1821 710 1862 ita
748 1821 920 1879 saepius
952 1823 998 1862 in
1031 1830 1274 1877 utrumque
1305 1835 1450 1877 quum

64 1891 354 1936 transtulisset
372 1887 519 1931 effecit
550 1896 599 1930 ut
628 1897 843 1931 neutrum
871 1904 970 1932 eam
999 1894 1139 1947 postet
1165 1889 1449 1945 liquefacere.

62 1961 180 2004 hanc
203 1957 562 2014 igituradhibens
575 1957 692 1998 circa
713 1956 948 2000 cerebrum
962 1956 1148 2013 globum
1167 1960 1366 2000 tornavit.
1380 1960 1450 1999 os·-

67 2031 206 2075 seum‚
219 2026 327 2070 huic
338 2041 448 2068 vero
466 2028 697 2083 angustum
713 2025 893 2082 reliquit
905 2025 1143 2067 transitum
1158 2045 1168 2074 ;
1184 2034 1225 2068 et
1234 2027 1351 2070 circa
1362 2043 1454 2070 me-

70 2099 238 2142 dullam
264 2095 446 2138 cervicis
463 2102 504 2136 et
525 2094 636 2137 dorfi
651 2093 878 2137 vertebras
891 2107 947 2135 ex
959 2108 1006 2135 ea
1022 2094 1287 2151 finxit,quas
1299 2096 1453 2138 subdi-

70 2168 135 2210 dit
159 2176 389 2220 tamquam
413 2163 614 2206 cardines
644 2163 748 2205 inde
772 2177 796 2204 a
828 2162 970 2219 capite
989 2177 1069 2219 per
1090 2170 1236 2204 totum
1271 2178 1449 2220 corpus.

70 2243 113 2276 et
139 2248 272 2275 omne
291 2231 474 2288 quidem
500 2232 649 2273 semen
679 2246 731 2272 eo
755 2231 946 2273 servavit
968 2230 1084 2286 quod
1107 2232 1230 2287 septo
1244 2246 1453 2274 commu-

70 2304 190 2346 nivit
225 2309 456 2357 tamquam
490 2299 686 2356 lapideo,
737 2298 947 2341 articulos
990 2298 1192 2341 iuiiciens
1228 2308 1377 2343 motus
1413 2307 1455 2341 et

73 2368 282 2414 flexionis
312 2368 468 2416 causa,
509 2368 563 2409 ad
601 2383 709 2423 quos
747 2367 932 2410 alterius
975 2366 1071 2409 vim
1098 2374 1324 2423 tamquam
1356 2370 1455 2410 ine-

76 2439 195 2482 diam
226 2435 501 2479 interiectam
536 2435 748 2479 adhibuit.
808 2436 961 2478 osseae
985 2448 1091 2476 vcro
1116 2443 1304 2478 naturae
1324 2436 1456 2478 habi-

76 2516 171 2550 tum
211 2505 312 2560 quia
342 2503 641 2546 arbitrabatur
670 2503 928 2559 rigidiorem
960 2505 1041 2544 else
1062 2516 1192 2558 quam
1229 2512 1455 2560 oporteret

78 2584 123 2620 et
145 2591 172 2620 a
192 2572 388 2618 flexione
412 2571 674 2617 alieniorem
696 2579 763 2624 et,
795 2586 932 2629 quum
963 2571 1125 2627 ignitus
1143 2573 1332 2615 evasisset
1349 2586 1457 2614 rur-
