1657 2876
547 112 840 157 POLITIA
880 114 935 158 x.
1374 114 1428 172 39

56 231 196 289 Gygis
213 230 426 275 annulum
442 229 525 270 five
550 233 643 269 non
663 227 835 274 habeat,
858 234 900 269 et
919 236 1094 285 praeter
1115 228 1330 273 eiusmodi
1349 244 1430 272 an-

55 302 214 343 nulum
238 296 437 342 Plutonis
454 296 657 351 galeam?
687 295 942 343 Veriffima‚
959 297 1130 350 inquit,
1151 300 1268 340 dicis.
1308 299 1431 341 Num

54 369 211 426 igitur,
241 367 448 422 inquam,
482 364 680 416 Glauco,
711 379 833 406 nunc
862 364 988 405 nobis
1012 365 1096 406 iam
1120 381 1208 407 non
1241 368 1326 409 erit
1358 370 1433 408 in·-

55 436 407 492 vidiae'praeter
437 431 513 473 illa
551 432 684 474 etiam
721 432 921 491 praemia
949 431 1137 473 iustitiae
1168 443 1209 474 et
1237 436 1433 490 reliquae

57 502 228 544 virtuti
248 500 445 543 tribuere
463 508 627 555 quanta
657 509 700 542 et
717 501 861 556 qualia
881 499 1030 541 animo
1057 499 1182 541 affert
1210 502 1264 542 ab
1287 503 1435 545 homi-

56 571 186 612 nibus
206 577 248 610 et
270 583 294 609 a
309 567 391 610 diis
410 576 499 610 tam
523 569 687 611 viventi
711 569 855 611 adhuc
876 568 1048 609 homini
1067 583 1203 623 quam
1224 571 1434 612 mortuo?

60 637 337 685 Admodum,
362 637 521 693 inquit.
559 638 676 681 Num
696 638 831 691 igitur
854 636 965 679 mihi
987 636 1177 679 reddetis
1195 639 1311 693 quod
1331 654 1434 680 mu-

53 713 182 748 tuum
213 705 445 761 sumpfistis
479 706 526 747 in
556 706 786 746 oratione?
828 705 950 763 Quid
981 705 1284 762 potissimum?
1320 706 1435 747 Dedi

52 773 177 819 vobis
195 773 356 814 iustum
374 772 512 814 videri
533 773 740 814 iniustum
761 774 844 814 effe
866 782 910 815 et
926 774 1132 816 iniustum
1151 773 1306 815 iustum
1324 791 1336 826 3
1358 789 1435 814 vos

55 842 173 884 enim
198 834 456 890 censebatis,
477 841 639 883 etiamsi
657 840 756 882 fieri
778 856 869 882 non
894 843 1031 898 poffet
1049 849 1098 883 ut
1119 841 1229 883 haec
1246 842 1437 883 laterent

55 916 99 950 et
132 910 236 950 deos
276 915 318 949 et
345 908 566 955 homines,
612 916 764 950 tamen
800 909 844 950 id
885 910 1081 952 dandum
1113 910 1195 951 effe
1221 909 1436 951 orationis

55 978 206 1029 causa,
236 984 287 1018 ut
308 976 397 1033 ipsa
426 977 588 1018 iusti-tia
617 992 675 1018 ex
704 976 912 1020 iniustitia
939 978 1030 1034 ipsa
1049 977 1346 1030 iudicaret³ur3
1378 993 1437 1020 an

54 1062 148 1088 non
177 1044 446 1088 meministi?
476 1045 636 1087 Iniuste
669 1045 770 1086 sane
788 1045 1005 1096 facerem,
1037 1045 1114 1087 nifi
1129 1046 1437 1092 meminiffem.

55 1114 284 1170 Quoniam
311 1113 474 1165 igitur,
506 1113 717 1167 inquam,
749 1113 968 1153 iudicatae
993 1114 1117 1165 sunt,
1149 1127 1229 1169 ego
1250 1114 1438 1156 vicisfim

53 1182 234 1239 reposco
255 1179 443 1222 iustitiae
466 1180 647 1220 nomine
674 1188 745 1233 ut,
777 1188 912 1236 prout
932 1181 1160 1221 censeatur
1183 1190 1226 1222 et
1247 1198 1272 1223 a
1294 1183 1374 1224 diis
1396 1190 1440 1225 et

57 1251 111 1293 ab
130 1249 411 1293 hominibus,
432 1263 509 1288 vos
532 1262 707 1303 quoque
729 1247 1032 1289 confiteamini
1051 1247 1113 1290 ita
1136 1249 1190 1289 de
1221 1264 1270 1290 ea
1292 1251 1440 1292 existi-

56 1318 196 1369 mari,
226 1325 275 1358 ut
295 1316 426 1357 etiam
449 1316 645 1371 palmam
667 1314 849 1371 accipiat
867 1330 1001 1371 quam
1033 1331 1089 1358 ex
1112 1331 1163 1358 eo
1191 1318 1310 1372 quod
1343 1318 1440 1360 talis

55 1387 238 1430 videtur
260 1393 432 1441 partam
451 1383 609 1425 tribuit
628 1383 689 1424 eis
711 1383 787 1438 qui
805 1383 947 1439 ipsam
971 1385 1202 1442 possident,
1224 1385 1439 1441 liquidem

58 1454 192 1496 etiam
214 1453 329 1495 bona
350 1467 407 1493 ex
431 1466 480 1492 eo
504 1451 622 1506 quod
643 1448 700 1491 est
718 1453 946 1494 manantia
964 1454 1216 1510 reperimus
1236 1469 1336 1496 eam
1353 1455 1441 1496 tri-

56 1522 199 1564 buere
222 1536 304 1563 nec
323 1520 528 1576 decipere
544 1534 616 1560 eos
636 1517 713 1574 qui
734 1533 891 1560 revera
909 1521 1048 1579 ipsam
1064 1521 1440 1566 nanciscerentur.

57 1591 194 1642 Iusta,
236 1589 402 1645 inquit,
433 1587 558 1644 petis.
615 1587 774 1629 Nonne
803 1587 961 1642 igitur,
990 1589 1199 1645 inquam,
1238 1591 1440 1648 primum

56 1658 145 1701 hoc
167 1658 358 1700 reddetis
380 1656 484 1698 deos
506 1670 597 1697 non
625 1654 761 1695 latere
795 1655 936 1709 qualis
960 1654 1149 1712 uterque
1177 1673 1330 1700 eorum
1363 1659 1440 1700 fit?

57 1725 312 1770 Reddemus
330 1739 462 1776 vero,
494 1723 652 1778 inquit.
698 1722 867 1778 Quodsi
887 1738 979 1764 non
1002 1725 1164 1775 latent,
1198 1741 1316 1768 unus
1339 1728 1442 1782 qui-

59 1793 162 1835 dem
180 1792 263 1832 deo
281 1807 404 1832 carus
420 1823 431 1842 ‚
463 1792 574 1832 alter
605 1804 715 1831 vero
735 1791 903 1831 invisus
923 1792 1027 1844 erit,
1058 1794 1442 1848 quemadmodum

59 1861 191 1904 etiam
216 1859 347 1901 initio
368 1857 545 1900 confess]
564 1859 727 1899 sumus-
777 1857 893 1900 Sunt
912 1858 996 1899 ista.
1050 1861 1144 1902 Deo
1168 1870 1314 1904 autem
1337 1879 1440 1906 caro

58 1944 206 1974 nonne
232 1927 543 1970 confitebimur
573 1941 882 1983 quaecumque
926 1941 951 1966 a
983 1925 1064 1968 diis
1103 1928 1441 1985 proficiscantur

59 1998 210 2041 omnia
231 1996 447 2056 proficisci
479 2010 611 2050 quam
635 1995 830 2036 maxime
853 1995 986 2047 bona,
1018 1995 1095 2036 nisi
1131 1997 1235 2052 quid
1266 1997 1371 2038 mali
1400 1997 1443 2039 ei

59 2065 296 2109 necessario
317 2080 340 2105 e
360 2064 508 2121 priore
528 2070 706 2120 peccato
728 2062 983 2117 contingat?
1015 2062 1128 2105 Sane
1147 2065 1342 2119 quidem.
1375 2068 1442 2108 lta

61 2134 196 2189 igitur
216 2131 505 2175 iudicandum
535 2132 592 2172 est
619 2131 673 2171 de
695 2131 805 2173 iusto
831 2131 954 2184 viro,
987 2131 1072 2172 five
1103 2133 1149 2172 iu
1179 2142 1442 2190 paupertate

61 2203 266 2244 versetur
300 2203 385 2243 sive
419 2200 463 2241 in
494 2198 674 2240 morbis·
693 2199 782 2240 five
813 2199 898 2241 alio
928 2215 1020 2255 quo
1043 2214 1156 2254 quae
1180 2202 1441 2244 censeantur

62 2270 310 2318 malorum,
342 2269 446 2310 huic
465 2268 575 2309 haec
594 2267 639 2309 in
661 2267 827 2310 bonum
849 2268 1027 2324 aliquod
1063 2269 1245 2311 evasura
1265 2271 1345 2311 effe
1368 2270 1441 2311 vi—

63 2337 189 2380 venti
217 2338 284 2378 vel
316 2337 446 2378 etiam
482 2344 682 2384 mortum
727 2351 870 2392 neque
906 2337 1025 2378 euim
1061 2352 1086 2378 a
1118 2337 1198 2379 diis
1224 2352 1441 2393 umquam

64 2404 303 2459 negligitur
325 2404 399 2461 qui
429 2404 551 2445 omni
581 2402 667 2460 ope
693 2413 826 2461 atque
855 2420 988 2463 opera
1017 2405 1197 2446 enititur
1226 2413 1275 2446 ut
1305 2405 1440 2447 iustus

48 2474 236 2516 :exsistat
269 2480 310 2513 et
344 2472 559 2514 virtutem
584 2473 732 2518 colens
762 2489 894 2529 quam
922 2473 1122 2521 maxime
1144 2475 1280 2532 potest
1302 2474 1440 2516 homo

67 2540 120 2582 ad
151 2540 219 2580 (lei
248 2539 577 2583 similitudinem
607 2542 798 2583 accedat.
860 2543 1210 2586 Consentaneum
1241 2544 1342 2586 sane
1371 2544 1440 2593 est',

67 2606 240 2664 inquit,
279 2609 413 2653 talem
443 2624 532 2653 uon
560 2609 720 2669 negligi
750 2625 775 2654 a
804 2611 942 2658 simili.
990 2613 1172 2662 ‚Nonne
1198 2613 1252 2656 de
1282 2611 1438 2654 iniusto
