1657 2876
517 163 818 207 POLITIA
855 165 911 209 X.
1358 171 1413 214 65

29 291 182 328 autem
203 297 253 324 ea
273 282 395 322 sutor
416 286 460 318 et
479 275 608 320 faber
628 276 873 321 ferrarius?
904 277 1021 321 Sane
1046 281 1239 337 quidem.
1294 283 1413 327 Num

29 354 170 410 igitur
203 350 277 390 scit
301 347 448 402 quales
480 352 684 402 oporteat
719 345 913 388 habenas
946 350 1028 389 effe
1058 359 1102 391 et
1131 352 1306 395 fnenum
1341 354 1414 411 pi-

31 421 158 463 ctor?
198 433 252 460 au
277 430 359 457 nec
391 413 632 456 fabricator
658 412 786 454 faber
822 416 1016 457 aerarius
1042 425 1084 458 et
1108 420 1252 473 sutor,
1284 423 1356 464 sed
1379 422 1415 464 is

30 490 102 544 qui
129 487 212 529 illis
236 484 372 541 potest
398 482 476 533 uti,
497 482 609 523 sotus
627 481 690 523 rei
712 483 915 534 equestris
936 483 1139 539 peritus?
1173 488 1412 532 Ve2iss1me.

27 558 187 600 Nonne
218 553 352 605 igitur
380 550 426 591 iu
459 551 664 595 omnibus
696 550 755 591 ita
787 550 984 592 dicemus
1012 554 1056 592 se
1086 568 1183 594 rem
1216 556 1414 599 habere?

29 621 272 680 Quomodo
286 618 306 658 ‘3
339 619 387 660 In
411 633 680 674 unaquaque
700 633 748 659 re
767 619 845 660 has
865 628 953 662 tres
976 628 1090 663 artes
1110 626 1206 675 effe,
1220 624 1413 676 usuram,

27 690 361 737 confi-cturam,
396 688 702 729 imitaturam?
741 688 901 730 Etiam.
961 689 1122 731 Nonne
1146 690 1285 746 igitur
1314 692 1414 734 vir-

26 767 101 801 tus
133 764 172 797 et
207 756 494 813 pulchritudo
528 763 570 796 et
601 764 721 797 recta
754 757 868 798 ratio
892 757 1106 813 cuiusque
1128 760 1413 816 supellectilis

28 836 71 868 et
91 826 291 867 animali.»
313 833 355 865 et
377 823 562 865 acticnis
591 825 704 867 nibil
725 824 843 866 aliud
877 827 1042 882 spectat
1072 826 1148 883 niti
1173 829 1326 880 usum,
1357 830 1413 870 ad

27 910 157 952 quem
183 893 393 950 quodque
416 893 581 934 factum
606 895 663 935 est
684 893 749 935 vel
768 901 919 936 natum
935 894 955 933 ‘?
990 899 1065 936 lta.
1099 896 1282 937 Prorsus
1307 911 1412 952 ergo

27 967 197 1006 necesse
225 964 281 1002 est
304 977 403 1002 eum
428 961 505 1013 qui
532 976 708 1015 quoque
733 962 890 1002 usurus
920 964 966 1003 fit
998 963 1302 1018 peritissimum
1331 968 1413 1006 esse

29 1041 73 1073 et
109 1031 319 1072 nunciare
349 1032 465 1085 poffe
494 1029 747 1071 fabricatori
784 1045 894 1084 quae
929 1030 1042 1072 bona
1071 1040 1115 1074 et
1134 1034 1252 1075 mala
1281 1032 1415 1074 faciat

28 1100 82 1143 ad
109 1101 235 1141 usum
265 1099 359 1139 eius
393 1113 481 1152 quo
514 1104 684 1148 utatur3
731 1099 857 1139 velut
888 1099 1078 1152 tibicen,
1111 1101 1156 1141 ni
1183 1100 1340 1147 fallor,
1373 1100 1414 1142 ei

28 1167 104 1224 qui
132 1166 260 1208 tibias
288 1165 391 1206 facit
414 1166 628 1207 indicabit
651 1182 869 1220 quaenam
890 1168 1020 1208 tibiae
1052 1170 1248 1210 serviant
1282 1169 1414 1211 tibia-

27 1251 131 1280 rum
156 1235 319 1278 cantui,
343 1241 387 1274 et
408 1234 636 1275 mandabit
654 1238 803 1289 quales
824 1251 925 1276 eun)
946 1244 1148 1291 oporteat
1167 1236 1323 1288 facere,
1342 1237 1413 1279 hic

27 1320 136 1347 vero
160 1304 368 1345 mandata
401 1295 702 1357 persequetur.
765 1302 964 1359 Quidni?
1027 1304 1184 1346 Nonne
1208 1304 1281 1346 ille
1309 1304 1415 1361 qui-

29 1373 129 1416 dem
166 1372 305 1413 sciens
335 1368 546 1410 indicabit
577 1385 689 1425 quae
722 1369 862 1411 bonae
892 1381 934 1412 et
967 1374 1112 1413 malae
1141 1373 1296 1423 tibiae,
1337 1372 1415 1414 hio

28 1456 139 1483 vero
177 1439 312 1481 fidem
355 1438 523 1481 habens
558 1437 725 1479 faciet?
781 1439 943 1481 Etiam.
1013 1441 1225 1483 Eiusdem
1274 1441 1413 1496 igitur

27 1509 314 1566 supeltectilis
333 1506 576 1548 fabricator
599 1506 730 1548 fidem
747 1521 918 1549 rectam
939 1507 1120 1550 habebit
1140 1510 1194 1550 de
1214 1509 1413 1567 pulchri*

29 1578 187 1618 tudine
220 1584 262 1617 et
297 1575 534 1632 pravitate,
566 1584 692 1617 utens
722 1578 884 1619 sciente
917 1585 961 1619 et
991 1584 1168 1619 coactus
1201 1578 1358 1618 audire
1389 1593 1413 1619 e.

29 1646 215 1695 sciente,
247 1645 283 1685 is
306 1658 409 1684 vero
441 1642 517 1697 qui
542 1657 637 1683 eam
659 1644 838 1685 adhibet
866 1645 1105 1687 scientiam.
1166 1645 1282 1687 Sane
1311 1645 1414 1698 qui-

31 1715 145 1757 dem.
216 1712 422 1756 Imitator
463 1724 570 1751 vero
606 1718 751 1751 utrum
783 1726 839 1752 ex
868 1713 948 1752 usu
978 1712 1204 1753 scientiam
1237 1711 1414 1753 babebit

30 1795 185 1824 eorum
217 1794 329 1835 quae
354 1778 527 1835 pinget,
561 1779 745 1833 pulchra
777 1789 819 1820 ct
846 1788 968 1821 recta
997 1795 1052 1821 an
1076 1782 1198 1821 secus
1219 1781 1325 1831 smt,
1355 1794 1414 1820 an

30 1848 293 1909 opinionem
325 1855 494 1889 rectam
511 1880 521 1894 ‚
556 1855 792 1903 propterea
816 1848 932 1902 quod
957 1856 1131 1889 coactus
1163 1848 1220 1888 est
1245 1847 1308 1887 uti
1330 1847 1413 1887 sei-

31 1927 132 1960 ente
155 1925 199 1959 et
222 1916 460 1958 mandatur
479 1913 516 1954 ei
543 1913 689 1968 qualia
707 1921 807 1957 eum
831 1924 1031 1971 oporteat
1054 1916 1268 1970 pingere?
1297 1916 1412 1957 Neu-

30 1996 168 2030 trum.
219 1987 375 2041 Neque
397 1984 530 2040 igitur
552 1982 657 2024 sciet
680 1998 819 2038 neque
842 1993 961 2025 recte
983 1983 1239 2041 opinabitur
1259 1983 1415 2024 imita-

32 2065 104 2098 tor
125 2055 180 2096 de
210 2055 260 2097 iis
283 2069 396 2110 quae
430 2051 678 2093 imitabitur
709 2051 825 2105 quod
856 2052 908 2093 ad
945 2050 1320 2109 pulchritudinem
1343 2050 1414 2092 vel

32 2123 303 2180 pravitatem
327 2122 502 2164 attinet.
562 2120 659 2161 Non
682 2119 869 2163 videtur.
932 2121 1076 2164 scitus
1099 2121 1182 2161 erit
1210 2120 1287 2175 qui
1316 2133 1413 2160 rem

35 2189 239 2232 effectam
270 2191 470 2233 imitatur
492 2190 608 2243 quod
634 2189 686 2229 ad
711 2189 970 2245 sapientiam
993 2203 1146 2229 earum
1166 2202 1319 2228 rerum
1344 2194 1414 2228 at·

35 2259 148 2300 tinet
172 2274 279 2314 quas
304 2258 443 2314 fingit.
490 2257 618 2298 Haud
654 2258 763 2300 sane.
806 2258 1128 2298 Verumtamen
1151 2254 1414 2306 imitabitur,

34 2326 229 2369 nesciens
252 2336 467 2383 quatenus
494 2325 689 2379 quidque
722 2339 914 2380 pravum
940 2327 1011 2366 vet
1034 2325 1199 2364 bonum
1224 2323 1294 2373 fit,
1325 2322 1414 2374 sed,

35 2402 87 2436 ut
107 2402 250 2451 patet,
281 2396 395 2450 quod
419 2395 560 2436 visum
584 2394 722 2436 fuerit.
747 2393 988 2450 pulchrum
1016 2391 1286 2433 multitudini
1309 2391 1415 2432 nul-

34 2461 214 2517 lamque
241 2463 305 2503 rei
326 2463 549 2504 scientiam
580 2463 868 2515 habentibus,
900 2462 940 2502 id
966 2459 1224 2501 imitabitur.
1287 2457 1414 2516 Quid

37 2529 154 2571 enirn
182 2529 333 2571 aliud?
365 2530 458 2572 Hoc
481 2531 630 2586 igitur,
658 2539 706 2572 ut
728 2531 916 2578 videtur,
939 2528 1038 2570 satis
1065 2529 1184 2569 inter
1203 2543 1283 2569 nos
1305 2542 1416 2568 con-

36 2597 183 2650 venit,
216 2606 258 2639 et
280 2597 531 2640 imitantem
553 2599 665 2640 nihil
694 2600 805 2640 scire
827 2597 942 2654 quod
970 2611 1132 2654 operae
1152 2595 1345 2652 pretium
1369 2594 1415 2634 fit

37 2665 92 2707 de
114 2665 175 2706 eis
199 2681 309 2723 quae
331 2665 544 2721 imitetur,
576 2666 645 2709 sed
670 2668 827 2709 ludum
859 2667 1079 2723 quendam
1102 2667 1200 2714 effe,
1231 2677 1323 2705 non
1346 2662 1415 2701 se-

96 2736 208 2776 Tom.
245 2736 296 2777 V.
1100 2732 1137 2775 F-
