1657 2876
595 127 898 174 POL1T1A
927 130 983 174 x.
1422 154 1475 198 99

89 253 246 297 tinere.
277 263 327 293 ac
350 246 547 305 primum
571 241 754 299 quidem
778 250 821 285 et
841 250 1094 287 extremum
1113 248 1384 294 verticillum
1405 252 1475 295 la—

89 322 301 364 tiffimum
333 312 437 358 labii
468 311 623 362 orbem
655 311 843 363 habere,
883 311 992 352 sexti
1028 314 1186 357 orbem
1229 319 1476 365 secundum

89 393 198 438 effe,
229 384 409 428 tertium
429 380 603 437 quarti,
633 386 845 436 quartum
866 378 1031 432 octavi,
1062 383 1266 437 quintum
1288 390 1474 446 septimi,

89 460 262 500 sextum
299 449 465 507 quinti,
505 448 917 505 septimumwtertin
957 456 1167 492 octavum
1199 454 1391 501 secundi,
1434 466 1477 501 et

86 521 275 569 maximi
298 519 481 575 quidem
503 517 656 559 orbem
677 520 759 560 effe
782 517 982 569 varium,
1016 518 1191 575 septimi
1214 522 1479 577 splendidis..

86 597 241 637 fimum
257 622 269 642 ‚
292 587 435 631 octavi
457 587 656 629 colorem
677 602 701 628 a
724 588 910 644 septimo
934 586 1101 629 habere
1123 588 1385 645 affulgente,
1407 595 1478 636 se-

87 658 224 704 cundi
257 663 300 698 et
328 654 476 711 quinti
509 655 668 696 fi‘miles
696 655 814 696 inter
842 656 884 695 se
904 656 1077 698 colores
1105 656 1297 711 habere,
1338 664 1478 719 magis

84 729 227 771 flavos
248 740 383 782 quam
408 724 524 771 illos,
545 722 731 765 tertium
752 723 1348 780 candidisfimum,quartum
1376 731 1478 773 sub-

85 795 256 846 rufum,
276 800 319 835 et
342 791 591 833 secundum
613 791 805 833 candore
823 792 996 834 sextum
1020 794 1241 850 superare.
1261 795 1372 840 ferri
1396 814 1481 842 au-

87 873 183 907 tem
205 862 356 905 fusum
376 861 420 901 se
442 866 784 902 convertentem
810 867 956 902 totum
980 861 1161 916 quidem
1191 864 1349 907 eodem
1378 883 1481 909 mo-

88 941 163 984 tu3
189 932 234 973 in
256 937 351 972 toto
369 936 519 970 autem
539 929 582 968 se
605 935 891 970 convertente
910 928 1144 970 interiores
1162 931 1331 988 septem
1354 935 1481 978 orbes

89 1002 139 1044 in
168 996 439 1041 contrariam
467 995 604 1037 totius
635 1002 811 1053 partem
842 996 1000 1038 leniter
1025 997 1332 1053 circumferrig,
1364 1010 1483 1046 etex

90 1068 159 1111 his
193 1067 291 1123 ipsis
317 1064 551 1107 celerrime
581 1064 740 1119 agitari
769 1072 1002 1117 octavum,
1042 1066 1256 1108 secundos
1282 1078 1326 1111 et
1355 1072 1482 1114 fimul

87 1137 326 1194 septimum
345 1140 389 1173 et
408 1134 580 1174 sextum
605 1140 646 1172 et
666 1131 899 1187 quintum;
932 1134 1117 1174 tertium
1149 1149 1254 1174 vero
1270 1167 1281 1187 ‚
1316 1145 1364 1179 ut
1382 1138 1482 1195 ipfis

90 1205 240 1249 visum
260 1205 386 1253 effet,
408 1200 469 1241 ita
494 1199 602 1240 ferri
628 1207 677 1240 ut
697 1207 859 1254 quarto
881 1199 924 1239 se
941 1200 1333 1257 circumvolveret‚
1352 1220 1484 1260 quar-

90 1282 191 1316 tum
212 1279 261 1314 ut
282 1276 414 1312 tertio
437 1275 480 1309 et
502 1266 713 1323 quintum
736 1275 785 1307 ut
798 1268 1004 1309 secundo.
1027 1268 1183 1323 agitari
1203 1278 1354 1314 autem
1377 1288 1482 1316 eum

91 1342 140 1384 in
160 1336 429 1385 Necesfitatis
456 1336 655 1392 genibus.
686 1336 734 1377 in
767 1334 952 1377 orbibus
982 1335 1075 1377 eius
1096 1337 1268 1393 fingulis
1290 1341 1485 1398 superne

91 1410 282 1452 infistere
307 1405 465 1448 Sirena
484 1419 573 1446 una
589 1404 904 1447 circumactam
919 1436 928 1450 ,
952 1419 1106 1446 vocem
1127 1420 1263 1449 unam
1286 1408 1484 1453 funden-

93 1486 208 1528 tem,
253 1488 396 1516 unum
430 1480 612 1523 tonum3
653 1481 697 1513 et
725 1488 780 1514 ex
815 1473 1023 1516 omnibus
1065 1488 1181 1528 quae
1218 1485 1318 1518 octo
1350 1482 1485 1521 effent

98 1560 245 1587 unum
275 1549 537 1584 concentum
569 1540 680 1582 effici
709 1543 993 1583 concordem.
1024 1542 1128 1584 alias
1149 1558 1252 1586 vero
1284 1547 1483 1590 sedentes

96 1611 384 1656 circumcirca
402 1608 501 1665 pari
528 1608 760 1651 intervallo
789 1617 899 1659 tres,
929 1610 975 1651 in
1008 1611 1117 1652 solio
1147 1626 1394 1669 quamque,
1427 1614 1484 1656 fi·-

101 1681 184 1723 lias
206 1677 498 1728 Necesfitatis‚
528 1677 714 1724 Parcas,
744 1677 854 1719 albis
875 1677 1065 1720 vestibus
1086 1679 1290 1734 indutas,
1321 1681 1485 1725 infulas

98 1749 145 1791 in
177 1747 323 1804 capite
351 1745 584 1795 habentes,
611 1745 845 1796 Lachesm,
879 1746 1041 1788 Clotho
1073 1754 1116 1787 et
1142 1749 1373 1805 Atropon,
1408 1767 1483 1794 ca..

97 1832 207 1860 nere
230 1816 283 1856 ad
310 1814 521 1857 Sirenum
546 1821 838 1865 concentum,
870 1813 1076 1855 Lachefin
1099 1816 1357 1870 praeterita,
1388 1818 1485 1862 Clo.

99 1885 177 1928 tho
211 1882 460 1941 praesentia
501 1889 544 1923 et
576 1882 780 1939 Atropon
812 1880 980 1924 futura.
1031 1891 1075 1925 et
1108 1884 1269 1926 Clotho
1300 1887 1481 1943 quidem

100 1954 262 1995 dextra
284 1965 418 1993 mauu
441 1950 735 2006 attingentem
767 1965 857 1992 una
877 1950 1181 2009 circumagere
1210 1955 1482 1998 exteriorem

98 2020 180 2064 fufi
199 2019 434 2061 circuitum
450 2050 461 2070 ‚
491 2019 721 2061 interiectu
744 2027 968 2075 tempore,
1007 2021 1207 2077 Atropon
1232 2023 1391 2064 finistra
1409 2024 1486 2066 in-

100 2089 288 2134 teriores
311 2087 467 2129 eodem
492 2088 639 2131 modo,
658 2087 865 2130 Lache-fin
887 2096 1040 2130 autem
1064 2090 1245 2132 alternis
1271 2100 1486 2148 utrasque

101 2165 294 2214 utraque
328 2172 480 2199 manu.
552 2157 671 2213 Ipsos
701 2156 835 2212 igitur
869 2172 1007 2213 quum
1035 2158 1308 2202 advenissent
1342 2163 1485 2205 statim

105 2225 340 2282 oportuisse
359 2225 412 2266 ad
432 2225 638 2267 Lachesin
660 2225 890 2267 accedere:
916 2233 1014 2268 tum
1037 2236 1182 2269 vatem
1206 2230 1399 2286 aliquem
1419 2231 1485 2289 ip·
1540 2249 1544 2252 ¹

106 2293 172 2334 sos
208 2293 405 2348 primum
434 2294 480 2335 in
512 2293 717 2335 ordinem
743 2294 1020 2350 disposuisse,
1060 2295 1215 2338 deinde
1244 2298 1430 2354 sumptis
1461 2314 1486 2340 e

105 2361 301 2404 Lachefis
333 2361 517 2418 genibus
549 2363 738 2404 sortibus
769 2363 977 2419 vitaeque
1005 2365 1217 2421 exemplis
1240 2367 1484 2423 suggestum

107 2429 333 2488 quendam
362 2431 583 2474 excelsum
626 2431 917 2476 conscendisse
957 2432 1182 2490 verbaque
1217 2434 1381 2478 haecce
1415 2437 1485 2478 se-

1115 2709 1212 2752 G2
