<?xml version="1.0" encoding="UTF-8"?>
<!DOCTYPE html PUBLIC "-//W3C//DTD XHTML 1.0 Transitional//EN"
    "http://www.w3.org/TR/xhtml1/DTD/xhtml1-transitional.dtd">
<html xmlns="http://www.w3.org/1999/xhtml" xml:lang="en" lang="en">
 <head>
  <title>
</title>
<meta http-equiv="Content-Type" content="text/html;charset=utf-8" />
  <meta name='ocr-system' content='tesseract 3.04.00' />
  <meta name='ocr-capabilities' content='ocr_page ocr_carea ocr_par ocr_line ocrx_word'/>
</head>
<body>
  <div class='ocr_page' id='page_1' title='image "./quaeexstantopera05plat_0095.png"; bbox 0 0 1657 2876; ppageno 0'>
   <div class='ocr_carea' id='block_1_1' title="bbox 674 68 1556 129">
    <p class='ocr_par' dir='ltr' id='par_1_1' title="bbox 674 68 1556 129">
     <span class='ocr_line' id='line_1_1' title="bbox 674 68 1556 129; baseline 0.006 -17"><span class='ocrx_word' id='word_1_1' title='bbox 674 68 968 114; x_wconf 69' lang='lat' dir='ltr'>Po‘mTiA</span> <span class='ocrx_word' id='word_1_2' title='bbox 1005 71 1060 115; x_wconf 85' lang='lat' dir='ltr'>x.</span> <span class='ocrx_word' id='word_1_3' title='bbox 1499 72 1556 129; x_wconf 76' lang='lat'>87</span> 
     </span>
    </p>
   </div>
   <div class='ocr_carea' id='block_1_2' title="bbox 153 176 1569 2159">
    <p class='ocr_par' dir='ltr' id='par_1_2' title="bbox 153 176 1569 2159">
     <span class='ocr_line' id='line_1_2' title="bbox 169 176 1554 243; baseline -0.001 -11"><span class='ocrx_word' id='word_1_4' title='bbox 169 188 295 232; x_wconf 83' lang='lat' dir='ltr'>nobis</span> <span class='ocrx_word' id='word_1_5' title='bbox 329 185 476 243; x_wconf 77' lang='lat' dir='ltr'>patuit</span> <span class='ocrx_word' id='word_1_6' title='bbox 502 177 699 225; x_wconf 75' lang='lat' dir='ltr'>animum</span> <span class='ocrx_word' id='word_1_7' title='bbox 730 182 909 224; x_wconf 85' lang='lat' dir='ltr'>habere.</span> <span class='ocrx_word' id='word_1_8' title='bbox 969 183 1159 228; x_wconf 79' lang='lat' dir='ltr'>Minime</span> <span class='ocrx_word' id='word_1_9' title='bbox 1187 176 1295 229; x_wconf 77' lang='lat' dir='ltr'>vero</span> <span class='ocrx_word' id='word_1_10' title='bbox 1321 186 1554 240; x_wconf 72' lang='lat' dir='ltr'>consenta-</span> 
     </span>
     <span class='ocr_line' id='line_1_3' title="bbox 169 250 1557 308; baseline -0.001 -8"><span class='ocrx_word' id='word_1_11' title='bbox 169 273 304 300; x_wconf 84' lang='lat' dir='ltr'>neum</span> <span class='ocrx_word' id='word_1_12' title='bbox 332 256 399 297; x_wconf 88' lang='lat' dir='ltr'>est.</span> <span class='ocrx_word' id='word_1_13' title='bbox 425 254 591 306; x_wconf 60' lang='lat' dir='ltr'>‚Itaque</span> <span class='ocrx_word' id='word_1_14' title='bbox 611 250 912 293; x_wconf 83' lang='lat' dir='ltr'><strong>immortalem</strong></span> <span class='ocrx_word' id='word_1_15' title='bbox 935 251 1114 307; x_wconf 86' lang='lat' dir='ltr'>quidem</span> <span class='ocrx_word' id='word_1_16' title='bbox 1141 259 1222 297; x_wconf 67' lang='lat' dir='ltr'>esse·</span> <span class='ocrx_word' id='word_1_17' title='bbox 1245 255 1476 308; x_wconf 84' lang='lat' dir='ltr'>animum,</span> <span class='ocrx_word' id='word_1_18' title='bbox 1512 263 1557 299; x_wconf 82' lang='lat' dir='ltr'>et</span> 
     </span>
     <span class='ocr_line' id='line_1_4' title="bbox 169 319 1555 383; baseline -0.001 -15"><span class='ocrx_word' id='word_1_19' title='bbox 169 327 295 383; x_wconf 78' lang='lat' dir='ltr'>prior</span> <span class='ocrx_word' id='word_1_20' title='bbox 314 322 454 365; x_wconf 72' lang='lat' dir='ltr'>oratio</span> <span class='ocrx_word' id='word_1_21' title='bbox 479 327 523 362; x_wconf 80' lang='lat' dir='ltr'>et</span> <span class='ocrx_word' id='word_1_22' title='bbox 541 319 742 375; x_wconf 75' lang='lat' dir='ltr'>reliquae</span> <span class='ocrx_word' id='word_1_23' title='bbox 761 319 1045 370; x_wconf 63' lang='lat' dir='ltr'>convincent4</span> <span class='ocrx_word' id='word_1_24' title='bbox 1076 322 1146 362; x_wconf 85' lang='lat' dir='ltr'>sed</span> <span class='ocrx_word' id='word_1_25' title='bbox 1172 323 1202 363; x_wconf 84' lang='lat' dir='ltr'>fi</span> <span class='ocrx_word' id='word_1_26' title='bbox 1235 326 1410 380; x_wconf 67' lang='lat' dir='ltr'>quaeris</span> <span class='ocrx_word' id='word_1_27' title='bbox 1442 340 1555 381; x_wconf 88' lang='lat' dir='ltr'>qua-</span> 
     </span>
     <span class='ocr_line' id='line_1_5' title="bbox 167 388 1554 447; baseline -0.001 -11"><span class='ocrx_word' id='word_1_28' title='bbox 167 395 223 437; x_wconf 80' lang='lat' dir='ltr'>lis</span> <span class='ocrx_word' id='word_1_29' title='bbox 244 395 292 434; x_wconf 85' lang='lat' dir='ltr'>fit</span> <span class='ocrx_word' id='word_1_30' title='bbox 308 404 478 440; x_wconf 79' lang='lat' dir='ltr'>revera,</span> <span class='ocrx_word' id='word_1_31' title='bbox 493 404 583 430; x_wconf 88' lang='lat' dir='ltr'>non</span> <span class='ocrx_word' id='word_1_32' title='bbox 604 388 902 445; x_wconf 73' lang='lat' dir='ltr'>depravatum</span> <span class='ocrx_word' id='word_1_33' title='bbox 927 403 1029 430; x_wconf 88' lang='lat' dir='ltr'>eum</span> <span class='ocrx_word' id='word_1_34' title='bbox 1054 398 1231 444; x_wconf 73' lang='lat' dir='ltr'>oporte-t</span> <span class='ocrx_word' id='word_1_35' title='bbox 1251 393 1435 447; x_wconf 78' lang='lat' dir='ltr'>spectari</span> <span class='ocrx_word' id='word_1_36' title='bbox 1453 408 1554 436; x_wconf 90' lang='lat' dir='ltr'>cor-</span> 
     </span>
     <span class='ocr_line' id='line_1_6' title="bbox 168 455 1556 522; baseline 0 -21"><span class='ocrx_word' id='word_1_37' title='bbox 168 461 291 522; x_wconf 79' lang='lat' dir='ltr'>poris</span> <span class='ocrx_word' id='word_1_38' title='bbox 307 458 629 500; x_wconf 78' lang='lat' dir='ltr'>communitate</span> <span class='ocrx_word' id='word_1_39' title='bbox 651 455 836 511; x_wconf 88' lang='lat' dir='ltr'>aliisque</span> <span class='ocrx_word' id='word_1_40' title='bbox 865 456 1019 505; x_wconf 82' lang='lat' dir='ltr'>malis,</span> <span class='ocrx_word' id='word_1_41' title='bbox 1051 465 1101 499; x_wconf 80' lang='lat' dir='ltr'>ut</span> <span class='ocrx_word' id='word_1_42' title='bbox 1124 473 1244 500; x_wconf 85' lang='lat' dir='ltr'>nunc</span> <span class='ocrx_word' id='word_1_43' title='bbox 1265 475 1364 504; x_wconf 83' lang='lat' dir='ltr'>eum</span> <span class='ocrx_word' id='word_1_44' title='bbox 1387 464 1556 521; x_wconf 71' lang='lat' dir='ltr'>specta..</span> 
     </span>
     <span class='ocr_line' id='line_1_7' title="bbox 168 526 1559 582; baseline 0.001 -11"><span class='ocrx_word' id='word_1_45' title='bbox 168 544 281 580; x_wconf 84' lang='lat' dir='ltr'>mus,</span> <span class='ocrx_word' id='word_1_46' title='bbox 312 527 384 568; x_wconf 82' lang='lat' dir='ltr'>sed</span> <span class='ocrx_word' id='word_1_47' title='bbox 407 528 586 582; x_wconf 86' lang='lat' dir='ltr'>qualem</span> <span class='ocrx_word' id='word_1_48' title='bbox 610 526 653 567; x_wconf 86' lang='lat' dir='ltr'>fe</span> <span class='ocrx_word' id='word_1_49' title='bbox 684 526 865 568; x_wconf 72' lang='lat' dir='ltr'>exhibet</span> <span class='ocrx_word' id='word_1_50' title='bbox 890 540 1030 582; x_wconf 83' lang='lat' dir='ltr'>purus</span> <span class='ocrx_word' id='word_1_51' title='bbox 1052 527 1083 568; x_wconf 88' lang='lat' dir='ltr'>fi</span> <span class='ocrx_word' id='word_1_52' title='bbox 1104 528 1173 572; x_wconf 75' lang='lat' dir='ltr'>est,</span> <span class='ocrx_word' id='word_1_53' title='bbox 1210 529 1342 570; x_wconf 81' lang='lat' dir='ltr'>talem</span> <span class='ocrx_word' id='word_1_54' title='bbox 1366 531 1465 573; x_wconf 72' lang='lat' dir='ltr'>satis</span> <span class='ocrx_word' id='word_1_55' title='bbox 1486 546 1559 572; x_wconf 88' lang='lat' dir='ltr'>ra-</span> 
     </span>
     <span class='ocr_line' id='line_1_8' title="bbox 169 595 1558 650; baseline 0.001 -10"><span class='ocrx_word' id='word_1_56' title='bbox 169 598 289 640; x_wconf 85' lang='lat' dir='ltr'>tione</span> <span class='ocrx_word' id='word_1_57' title='bbox 321 596 611 644; x_wconf 79' lang='lat' dir='ltr'>confiderari.</span> <span class='ocrx_word' id='word_1_58' title='bbox 644 604 686 638; x_wconf 85' lang='lat' dir='ltr'>et</span> <span class='ocrx_word' id='word_1_59' title='bbox 710 595 851 637; x_wconf 79' lang='lat' dir='ltr'>multo</span> <span class='ocrx_word' id='word_1_60' title='bbox 879 610 982 636; x_wconf 76' lang='lat' dir='ltr'>eum</span> <span class='ocrx_word' id='word_1_61' title='bbox 1017 595 1319 650; x_wconf 73' lang='lat' dir='ltr'><strong>pulchriorem</strong></span> <span class='ocrx_word' id='word_1_62' title='bbox 1356 596 1558 640; x_wconf 73' lang='lat' dir='ltr'>invenies</span> 
     </span>
     <span class='ocr_line' id='line_1_9' title="bbox 166 664 1559 723; baseline 0.001 -15"><span class='ocrx_word' id='word_1_63' title='bbox 166 664 415 720; x_wconf 71' lang='lat' dir='ltr'>elatiusque</span> <span class='ocrx_word' id='word_1_64' title='bbox 434 665 614 707; x_wconf 82' lang='lat' dir='ltr'>iustitias</span> <span class='ocrx_word' id='word_1_65' title='bbox 629 673 671 707; x_wconf 87' lang='lat' dir='ltr'>et</span> <span class='ocrx_word' id='word_1_66' title='bbox 688 664 917 706; x_wconf 83' lang='lat' dir='ltr'>iniustitias</span> <span class='ocrx_word' id='word_1_67' title='bbox 935 664 1171 721; x_wconf 75' lang='lat' dir='ltr'><strong>perspicies</strong></span> <span class='ocrx_word' id='word_1_68' title='bbox 1185 666 1424 723; x_wconf 81' lang='lat' dir='ltr'>omniaque</span> <span class='ocrx_word' id='word_1_69' title='bbox 1444 681 1559 722; x_wconf 88' lang='lat' dir='ltr'>quae</span> 
     </span>
     <span class='ocr_line' id='line_1_10' title="bbox 153 733 1559 790; baseline 0 -13"><span class='ocrx_word' id='word_1_70' title='bbox 153 734 303 777; x_wconf 66' lang='lat' dir='ltr'>‘modo</span> <span class='ocrx_word' id='word_1_71' title='bbox 329 735 582 790; x_wconf 79' lang='lat' dir='ltr'>persequuti</span> <span class='ocrx_word' id='word_1_72' title='bbox 605 735 770 775; x_wconf 78' lang='lat' dir='ltr'>sumus.</span> <span class='ocrx_word' id='word_1_73' title='bbox 816 748 935 774; x_wconf 88' lang='lat' dir='ltr'>nunc</span> <span class='ocrx_word' id='word_1_74' title='bbox 966 741 1114 776; x_wconf 80' lang='lat' dir='ltr'>autem</span> <span class='ocrx_word' id='word_1_75' title='bbox 1147 733 1344 776; x_wconf 86' lang='lat' dir='ltr'>diximus</span> <span class='ocrx_word' id='word_1_76' title='bbox 1377 734 1559 790; x_wconf 84' lang='lat' dir='ltr'>quidem</span> 
     </span>
     <span class='ocr_line' id='line_1_11' title="bbox 165 802 1560 860; baseline 0.001 -15"><span class='ocrx_word' id='word_1_77' title='bbox 165 818 296 854; x_wconf 86' lang='lat' dir='ltr'>vera,</span> <span class='ocrx_word' id='word_1_78' title='bbox 325 803 462 858; x_wconf 80' lang='lat' dir='ltr'>qualis</span> <span class='ocrx_word' id='word_1_79' title='bbox 484 805 530 844; x_wconf 85' lang='lat' dir='ltr'>in</span> <span class='ocrx_word' id='word_1_80' title='bbox 551 802 804 860; x_wconf 74' lang='lat' dir='ltr'>praesentia</span> <span class='ocrx_word' id='word_1_81' title='bbox 826 804 1054 853; x_wconf 80' lang='lat' dir='ltr'>videatur,</span> <span class='ocrx_word' id='word_1_82' title='bbox 1086 802 1380 860; x_wconf 77' lang='lat' dir='ltr'>spectavimus</span> <span class='ocrx_word' id='word_1_83' title='bbox 1407 810 1560 846; x_wconf 81' lang='lat' dir='ltr'>tamen</span> 
     </span>
     <span class='ocr_line' id='line_1_12' title="bbox 171 869 1560 928; baseline -0.001 -14"><span class='ocrx_word' id='word_1_84' title='bbox 171 888 275 914; x_wconf 82' lang='lat' dir='ltr'>eum</span> <span class='ocrx_word' id='word_1_85' title='bbox 306 872 439 914; x_wconf 83' lang='lat' dir='ltr'>instar</span> <span class='ocrx_word' id='word_1_86' title='bbox 471 871 631 914; x_wconf 78' lang='lat' dir='ltr'>Glauci</span> <span class='ocrx_word' id='word_1_87' title='bbox 667 871 831 913; x_wconf 81' lang='lat' dir='ltr'>marini</span> <span class='ocrx_word' id='word_1_88' title='bbox 861 871 1091 922; x_wconf 67' lang='lat' dir='ltr'>affectum,</span> <span class='ocrx_word' id='word_1_89' title='bbox 1125 886 1258 928; x_wconf 77' lang='lat' dir='ltr'>quem</span> <span class='ocrx_word' id='word_1_90' title='bbox 1291 869 1369 928; x_wconf 86' lang='lat' dir='ltr'>qui</span> <span class='ocrx_word' id='word_1_91' title='bbox 1402 871 1560 913; x_wconf 80' lang='lat' dir='ltr'>vident</span> 
     </span>
     <span class='ocr_line' id='line_1_13' title="bbox 171 933 1563 998; baseline -0.001 -16"><span class='ocrx_word' id='word_1_92' title='bbox 171 941 261 982; x_wconf 85' lang='lat' dir='ltr'>iam</span> <span class='ocrx_word' id='word_1_93' title='bbox 293 955 385 981; x_wconf 83' lang='lat' dir='ltr'>non</span> <span class='ocrx_word' id='word_1_94' title='bbox 411 939 537 982; x_wconf 82' lang='lat' dir='ltr'>facile</span> <span class='ocrx_word' id='word_1_95' title='bbox 555 940 817 996; x_wconf 78' lang='lat' dir='ltr'>spec-tabunt</span> <span class='ocrx_word' id='word_1_96' title='bbox 845 940 1040 995; x_wconf 80' lang='lat' dir='ltr'>priorem</span> <span class='ocrx_word' id='word_1_97' title='bbox 1063 940 1156 982; x_wconf 87' lang='lat' dir='ltr'>eius</span> <span class='ocrx_word' id='word_1_98' title='bbox 1185 933 1419 991; x_wconf 78' lang='lat' dir='ltr'>naturam,</span> <span class='ocrx_word' id='word_1_99' title='bbox 1450 954 1563 998; x_wconf 82' lang='lat' dir='ltr'>pro-</span> 
     </span>
     <span class='ocr_line' id='line_1_14' title="bbox 171 1006 1564 1066; baseline -0.001 -17"><span class='ocrx_word' id='word_1_100' title='bbox 171 1020 321 1064; x_wconf 76' lang='lat' dir='ltr'>p¹erea</span> <span class='ocrx_word' id='word_1_101' title='bbox 343 1009 461 1064; x_wconf 90' lang='lat' dir='ltr'>quod</span> <span class='ocrx_word' id='word_1_102' title='bbox 476 1007 658 1065; x_wconf 82' lang='lat' dir='ltr'>pristina</span> <span class='ocrx_word' id='word_1_103' title='bbox 673 1009 867 1066; x_wconf 80' lang='lat' dir='ltr'>corporis</span> <span class='ocrx_word' id='word_1_104' title='bbox 882 1008 1079 1050; x_wconf 84' lang='lat' dir='ltr'>membra</span> <span class='ocrx_word' id='word_1_105' title='bbox 1098 1010 1256 1062; x_wconf 78' lang='lat' dir='ltr'>parlim</span> <span class='ocrx_word' id='word_1_106' title='bbox 1283 1006 1437 1058; x_wconf 69' lang='lat' dir='ltr'>fracta,</span> <span class='ocrx_word' id='word_1_107' title='bbox 1454 1022 1564 1065; x_wconf 87' lang='lat' dir='ltr'>par-</span> 
     </span>
     <span class='ocr_line' id='line_1_15' title="bbox 172 1076 1565 1133; baseline -0.001 -15"><span class='ocrx_word' id='word_1_108' title='bbox 172 1077 252 1119; x_wconf 75' lang='lat' dir='ltr'>tim</span> <span class='ocrx_word' id='word_1_109' title='bbox 274 1078 463 1118; x_wconf 74' lang='lat' dir='ltr'>contrita</span> <span class='ocrx_word' id='word_1_110' title='bbox 484 1076 696 1130; x_wconf 80' lang='lat' dir='ltr'>omnique</span> <span class='ocrx_word' id='word_1_111' title='bbox 723 1078 856 1118; x_wconf 84' lang='lat' dir='ltr'>modo</span> <span class='ocrx_word' id='word_1_112' title='bbox 883 1085 1090 1133; x_wconf 72' lang='lat' dir='ltr'>corrupta</span> <span class='ocrx_word' id='word_1_113' title='bbox 1113 1077 1213 1118; x_wconf 82' lang='lat' dir='ltr'>sunt</span> <span class='ocrx_word' id='word_1_114' title='bbox 1233 1076 1459 1125; x_wconf 65' lang='lat' dir='ltr'>fluctibus,</span> <span class='ocrx_word' id='word_1_115' title='bbox 1479 1076 1565 1118; x_wconf 84' lang='lat' dir='ltr'>alia</span> 
     </span>
     <span class='ocr_line' id='line_1_16' title="bbox 170 1145 1563 1201; baseline -0.001 -14"><span class='ocrx_word' id='word_1_116' title='bbox 170 1160 275 1187; x_wconf 76' lang='lat' dir='ltr'>vero</span> <span class='ocrx_word' id='word_1_117' title='bbox 295 1152 612 1195; x_wconf 80' lang='lat' dir='ltr'>accreverunt,</span> <span class='ocrx_word' id='word_1_118' title='bbox 646 1145 807 1187; x_wconf 77' lang='lat' dir='ltr'><strong>ostreae</strong></span> <span class='ocrx_word' id='word_1_119' title='bbox 831 1153 875 1186; x_wconf 71' lang='lat' dir='ltr'>el</span> <span class='ocrx_word' id='word_1_120' title='bbox 897 1147 1019 1200; x_wconf 81' lang='lat' dir='ltr'>algae</span> <span class='ocrx_word' id='word_1_121' title='bbox 1047 1154 1090 1185; x_wconf 76' lang='lat' dir='ltr'>et</span> <span class='ocrx_word' id='word_1_122' title='bbox 1121 1145 1248 1194; x_wconf 75' lang='lat' dir='ltr'>saxa,</span> <span class='ocrx_word' id='word_1_123' title='bbox 1278 1154 1327 1187; x_wconf 81' lang='lat' dir='ltr'>ut</span> <span class='ocrx_word' id='word_1_124' title='bbox 1346 1145 1563 1201; x_wconf 86' lang='lat' dir='ltr'>cuiusque</span> 
     </span>
     <span class='ocr_line' id='line_1_17' title="bbox 171 1211 1566 1268; baseline -0.002 -12"><span class='ocrx_word' id='word_1_125' title='bbox 171 1212 310 1268; x_wconf 85' lang='lat' dir='ltr'>magis</span> <span class='ocrx_word' id='word_1_126' title='bbox 343 1212 511 1254; x_wconf 80' lang='lat' dir='ltr'>belluae</span> <span class='ocrx_word' id='word_1_127' title='bbox 534 1212 686 1255; x_wconf 85' lang='lat' dir='ltr'>fimih&#39;s</span> <span class='ocrx_word' id='word_1_128' title='bbox 705 1214 754 1264; x_wconf 70' lang='lat' dir='ltr'>fit</span> <span class='ocrx_word' id='word_1_129' title='bbox 778 1227 912 1268; x_wconf 83' lang='lat' dir='ltr'>quam</span> <span class='ocrx_word' id='word_1_130' title='bbox 945 1212 1084 1263; x_wconf 78' lang='lat' dir='ltr'>qualis</span> <span class='ocrx_word' id='word_1_131' title='bbox 1118 1211 1255 1253; x_wconf 70' lang='lat' dir='ltr'>fuerit</span> <span class='ocrx_word' id='word_1_132' title='bbox 1286 1222 1460 1256; x_wconf 76' lang='lat' dir='ltr'>natura.</span> <span class='ocrx_word' id='word_1_133' title='bbox 1504 1212 1566 1254; x_wconf 73' lang='lat' dir='ltr'>ita.</span> 
     </span>
     <span class='ocr_line' id='line_1_18' title="bbox 171 1279 1566 1325; baseline -0.003 0"><span class='ocrx_word' id='word_1_134' title='bbox 171 1283 306 1325; x_wconf 84' lang='lat' dir='ltr'>etiam</span> <span class='ocrx_word' id='word_1_135' title='bbox 335 1280 538 1323; x_wconf 86' lang='lat' dir='ltr'>animum</span> <span class='ocrx_word' id='word_1_136' title='bbox 565 1296 644 1323; x_wconf 89' lang='lat' dir='ltr'>nos</span> <span class='ocrx_word' id='word_1_137' title='bbox 681 1281 882 1323; x_wconf 75' lang='lat' dir='ltr'>videmus</span> <span class='ocrx_word' id='word_1_138' title='bbox 912 1280 1317 1324; x_wconf 81' lang='lat' dir='ltr'>innumerabilibus</span> <span class='ocrx_word' id='word_1_139' title='bbox 1342 1281 1468 1323; x_wconf 77' lang='lat' dir='ltr'>malis</span> <span class='ocrx_word' id='word_1_140' title='bbox 1493 1279 1566 1321; x_wconf 87' lang='lat' dir='ltr'>af-</span> 
     </span>
     <span class='ocr_line' id='line_1_19' title="bbox 171 1349 1565 1407; baseline -0.002 -14"><span class='ocrx_word' id='word_1_141' title='bbox 171 1350 359 1394; x_wconf 81' lang='lat' dir='ltr'>fectum.</span> <span class='ocrx_word' id='word_1_142' title='bbox 388 1356 564 1405; x_wconf 77' lang='lat' dir='ltr'>oportet</span> <span class='ocrx_word' id='word_1_143' title='bbox 587 1364 710 1400; x_wconf 73' lang='lat' dir='ltr'>vem,</span> <span class='ocrx_word' id='word_1_144' title='bbox 745 1350 930 1398; x_wconf 74' lang='lat' dir='ltr'>Glauco,</span> <span class='ocrx_word' id='word_1_145' title='bbox 964 1350 1052 1391; x_wconf 88' lang='lat' dir='ltr'>huc</span> <span class='ocrx_word' id='word_1_146' title='bbox 1078 1349 1278 1407; x_wconf 71' lang='lat' dir='ltr'>spectari.</span> <span class='ocrx_word' id='word_1_147' title='bbox 1319 1349 1565 1407; x_wconf 75' lang='lat' dir='ltr'>Quonam?</span> 
     </span>
     <span class='ocr_line' id='line_1_20' title="bbox 171 1417 1567 1474; baseline -0.004 -12"><span class='ocrx_word' id='word_1_148' title='bbox 171 1418 333 1467; x_wconf 55' lang='lat' dir='ltr'>inquit.</span> <span class='ocrx_word' id='word_1_149' title='bbox 396 1417 460 1460; x_wconf 87' lang='lat' dir='ltr'>Ad</span> <span class='ocrx_word' id='word_1_150' title='bbox 495 1417 590 1458; x_wconf 89' lang='lat' dir='ltr'>eius</span> <span class='ocrx_word' id='word_1_151' title='bbox 614 1418 967 1474; x_wconf 82' lang='lat' dir='ltr'>philosophiam,</span> <span class='ocrx_word' id='word_1_152' title='bbox 1000 1426 1043 1460; x_wconf 79' lang='lat' dir='ltr'>et</span> <span class='ocrx_word' id='word_1_153' title='bbox 1063 1418 1330 1460; x_wconf 82' lang='lat' dir='ltr'>confiderari</span> <span class='ocrx_word' id='word_1_154' title='bbox 1355 1432 1470 1473; x_wconf 85' lang='lat' dir='ltr'>quae</span> <span class='ocrx_word' id='word_1_155' title='bbox 1494 1423 1567 1458; x_wconf 78' lang='lat' dir='ltr'>at-</span> 
     </span>
     <span class='ocr_line' id='line_1_21' title="bbox 174 1486 1567 1543; baseline -0.004 -12"><span class='ocrx_word' id='word_1_156' title='bbox 174 1490 317 1543; x_wconf 80' lang='lat' dir='ltr'>tingat</span> <span class='ocrx_word' id='word_1_157' title='bbox 336 1487 580 1541; x_wconf 80' lang='lat' dir='ltr'>qualesque</span> <span class='ocrx_word' id='word_1_158' title='bbox 602 1494 784 1543; x_wconf 79' lang='lat' dir='ltr'>appetat</span> <span class='ocrx_word' id='word_1_159' title='bbox 805 1487 1175 1539; x_wconf 83' lang='lat' dir='ltr'>consuetudines,</span> <span class='ocrx_word' id='word_1_160' title='bbox 1213 1487 1379 1543; x_wconf 84' lang='lat' dir='ltr'>quippe</span> <span class='ocrx_word' id='word_1_161' title='bbox 1398 1486 1474 1541; x_wconf 84' lang='lat' dir='ltr'>qui</span> <span class='ocrx_word' id='word_1_162' title='bbox 1495 1500 1567 1526; x_wconf 91' lang='lat' dir='ltr'>co-</span> 
     </span>
     <span class='ocr_line' id='line_1_22' title="bbox 175 1553 1567 1612; baseline -0.001 -16"><span class='ocrx_word' id='word_1_163' title='bbox 175 1564 336 1612; x_wconf 83' lang='lat' dir='ltr'>gnatus</span> <span class='ocrx_word' id='word_1_164' title='bbox 359 1555 409 1596; x_wconf 77' lang='lat' dir='ltr'>[it</span> <span class='ocrx_word' id='word_1_165' title='bbox 429 1555 578 1595; x_wconf 87' lang='lat' dir='ltr'>divino</span> <span class='ocrx_word' id='word_1_166' title='bbox 595 1562 639 1595; x_wconf 84' lang='lat' dir='ltr'>et</span> <span class='ocrx_word' id='word_1_167' title='bbox 654 1555 898 1597; x_wconf 83' lang='lat' dir='ltr'>immortali</span> <span class='ocrx_word' id='word_1_168' title='bbox 919 1565 960 1597; x_wconf 88' lang='lat' dir='ltr'>et</span> <span class='ocrx_word' id='word_1_169' title='bbox 982 1556 1266 1612; x_wconf 78' lang='lat' dir='ltr'>sempiterno,</span> <span class='ocrx_word' id='word_1_170' title='bbox 1280 1563 1323 1597; x_wconf 72' lang='lat' dir='ltr'>et</span> <span class='ocrx_word' id='word_1_171' title='bbox 1336 1554 1475 1610; x_wconf 86' lang='lat' dir='ltr'>qualis</span> <span class='ocrx_word' id='word_1_172' title='bbox 1498 1553 1567 1595; x_wconf 86' lang='lat' dir='ltr'>fu-</span> 
     </span>
     <span class='ocr_line' id='line_1_23' title="bbox 174 1622 1567 1677; baseline -0.005 -8"><span class='ocrx_word' id='word_1_173' title='bbox 174 1634 298 1669; x_wconf 78' lang='lat' dir='ltr'>turus</span> <span class='ocrx_word' id='word_1_174' title='bbox 320 1624 372 1665; x_wconf 75' lang='lat' dir='ltr'>fit</span> <span class='ocrx_word' id='word_1_175' title='bbox 391 1623 476 1665; x_wconf 90' lang='lat' dir='ltr'>hoc</span> <span class='ocrx_word' id='word_1_176' title='bbox 497 1622 682 1677; x_wconf 85' lang='lat' dir='ltr'>quisque</span> <span class='ocrx_word' id='word_1_177' title='bbox 712 1622 896 1677; x_wconf 84' lang='lat' dir='ltr'>sequens</span> <span class='ocrx_word' id='word_1_178' title='bbox 925 1631 968 1664; x_wconf 85' lang='lat' dir='ltr'>et</span> <span class='ocrx_word' id='word_1_179' title='bbox 994 1624 1076 1665; x_wconf 80' lang='lat' dir='ltr'>hac</span> <span class='ocrx_word' id='word_1_180' title='bbox 1109 1623 1396 1664; x_wconf 74' lang='lat' dir='ltr'>contentione</span> <span class='ocrx_word' id='word_1_181' title='bbox 1425 1623 1567 1663; x_wconf 80' lang='lat' dir='ltr'>elatus</span> 
     </span>
     <span class='ocr_line' id='line_1_24' title="bbox 175 1689 1568 1745; baseline -0.005 -9"><span class='ocrx_word' id='word_1_182' title='bbox 175 1709 200 1735; x_wconf 83' lang='lat' dir='ltr'>e</span> <span class='ocrx_word' id='word_1_183' title='bbox 219 1691 360 1741; x_wconf 86' lang='lat' dir='ltr'>mari,</span> <span class='ocrx_word' id='word_1_184' title='bbox 390 1690 438 1732; x_wconf 84' lang='lat' dir='ltr'>in</span> <span class='ocrx_word' id='word_1_185' title='bbox 468 1705 555 1742; x_wconf 81' lang='lat' dir='ltr'>quo</span> <span class='ocrx_word' id='word_1_186' title='bbox 584 1706 702 1732; x_wconf 88' lang='lat' dir='ltr'>nunc</span> <span class='ocrx_word' id='word_1_187' title='bbox 723 1692 803 1741; x_wconf 77' lang='lat' dir='ltr'>est,</span> <span class='ocrx_word' id='word_1_188' title='bbox 835 1692 1023 1732; x_wconf 75' lang='lat' dir='ltr'>excussis</span> <span class='ocrx_word' id='word_1_189' title='bbox 1047 1691 1160 1733; x_wconf 68' lang='lat' dir='ltr'>saxis</span> <span class='ocrx_word' id='word_1_190' title='bbox 1183 1700 1227 1732; x_wconf 81' lang='lat' dir='ltr'>et</span> <span class='ocrx_word' id='word_1_191' title='bbox 1252 1689 1420 1738; x_wconf 80' lang='lat' dir='ltr'>ostreis,</span> <span class='ocrx_word' id='word_1_192' title='bbox 1453 1704 1568 1745; x_wconf 82' lang='lat' dir='ltr'>quae</span> 
     </span>
     <span class='ocr_line' id='line_1_25' title="bbox 174 1757 1569 1816; baseline -0.004 -13"><span class='ocrx_word' id='word_1_193' title='bbox 174 1776 296 1806; x_wconf 88' lang='lat' dir='ltr'>nunc</span> <span class='ocrx_word' id='word_1_194' title='bbox 323 1759 386 1809; x_wconf 89' lang='lat' dir='ltr'>ei,</span> <span class='ocrx_word' id='word_1_195' title='bbox 421 1760 589 1815; x_wconf 85' lang='lat' dir='ltr'>quippe</span> <span class='ocrx_word' id='word_1_196' title='bbox 621 1759 700 1813; x_wconf 84' lang='lat' dir='ltr'>qui</span> <span class='ocrx_word' id='word_1_197' title='bbox 726 1766 847 1800; x_wconf 84' lang='lat' dir='ltr'>terra</span> <span class='ocrx_word' id='word_1_198' title='bbox 876 1761 1106 1816; x_wconf 76' lang='lat' dir='ltr'>pascatur,</span> <span class='ocrx_word' id='word_1_199' title='bbox 1138 1767 1318 1800; x_wconf 86' lang='lat' dir='ltr'>terrena</span> <span class='ocrx_word' id='word_1_200' title='bbox 1344 1765 1388 1798; x_wconf 74' lang='lat' dir='ltr'>el</span> <span class='ocrx_word' id='word_1_201' title='bbox 1415 1757 1569 1799; x_wconf 79' lang='lat' dir='ltr'>saxosa</span> 
     </span>
     <span class='ocr_line' id='line_1_26' title="bbox 175 1816 1567 1883; baseline -0.005 -12"><span class='ocrx_word' id='word_1_202' title='bbox 175 1830 315 1874; x_wconf 81' lang='lat' dir='ltr'>multa</span> <span class='ocrx_word' id='word_1_203' title='bbox 343 1834 387 1868; x_wconf 86' lang='lat' dir='ltr'>et</span> <span class='ocrx_word' id='word_1_204' title='bbox 418 1825 512 1868; x_wconf 80' lang='lat' dir='ltr'>fera</span> <span class='ocrx_word' id='word_1_205' title='bbox 536 1835 829 1869; x_wconf 74' lang='lat' dir='ltr'>accreverunt</span> <span class='ocrx_word' id='word_1_206' title='bbox 851 1842 932 1883; x_wconf 82' lang='lat' dir='ltr'>per</span> <span class='ocrx_word' id='word_1_207' title='bbox 947 1816 1085 1883; x_wconf 30' lang='lat' dir='ltr'>*epula</span> <span class='ocrx_word' id='word_1_208' title='bbox 1109 1828 1186 1870; x_wconf 78' lang='lat' dir='ltr'>illa</span> <span class='ocrx_word' id='word_1_209' title='bbox 1215 1841 1327 1883; x_wconf 82' lang='lat' dir='ltr'>quae</span> <span class='ocrx_word' id='word_1_210' title='bbox 1357 1826 1567 1867; x_wconf 73' lang='lat' dir='ltr'>dicuntur</span> 
     </span>
     <span class='ocr_line' id='line_1_27' title="bbox 175 1892 1567 1950; baseline -0.005 -10"><span class='ocrx_word' id='word_1_211' title='bbox 175 1899 318 1941; x_wconf 85' lang='lat' dir='ltr'>beata.</span> <span class='ocrx_word' id='word_1_212' title='bbox 350 1904 394 1937; x_wconf 89' lang='lat' dir='ltr'>et</span> <span class='ocrx_word' id='word_1_213' title='bbox 414 1903 511 1937; x_wconf 78' lang='lat' dir='ltr'>tum</span> <span class='ocrx_word' id='word_1_214' title='bbox 538 1894 634 1950; x_wconf 87' lang='lat' dir='ltr'>quis</span> <span class='ocrx_word' id='word_1_215' title='bbox 664 1895 824 1937; x_wconf 78' lang='lat' dir='ltr'>viderit</span> <span class='ocrx_word' id='word_1_216' title='bbox 853 1910 1008 1937; x_wconf 84' lang='lat' dir='ltr'>veram</span> <span class='ocrx_word' id='word_1_217' title='bbox 1033 1896 1126 1937; x_wconf 85' lang='lat' dir='ltr'>eius</span> <span class='ocrx_word' id='word_1_218' title='bbox 1151 1903 1379 1945; x_wconf 82' lang='lat' dir='ltr'>naturam,</span> <span class='ocrx_word' id='word_1_219' title='bbox 1411 1892 1567 1934; x_wconf 78' lang='lat' dir='ltr'>multi-</span> 
     </span>
     <span class='ocr_line' id='line_1_28' title="bbox 175 1960 1567 2019; baseline -0.006 -8"><span class='ocrx_word' id='word_1_220' title='bbox 175 1966 394 2011; x_wconf 85' lang='lat' dir='ltr'>formisne</span> <span class='ocrx_word' id='word_1_221' title='bbox 414 1979 470 2006; x_wconf 88' lang='lat' dir='ltr'>an</span> <span class='ocrx_word' id='word_1_222' title='bbox 492 1964 749 2005; x_wconf 84' lang='lat' dir='ltr'>uniusmodi</span> <span class='ocrx_word' id='word_1_223' title='bbox 777 1965 828 2006; x_wconf 86' lang='lat' dir='ltr'>fit</span> <span class='ocrx_word' id='word_1_224' title='bbox 853 1980 910 2006; x_wconf 88' lang='lat' dir='ltr'>an</span> <span class='ocrx_word' id='word_1_225' title='bbox 939 1980 1133 2019; x_wconf 82' lang='lat' dir='ltr'>quonam</span> <span class='ocrx_word' id='word_1_226' title='bbox 1165 1964 1300 2006; x_wconf 85' lang='lat' dir='ltr'>modo</span> <span class='ocrx_word' id='word_1_227' title='bbox 1325 1963 1366 2002; x_wconf 83' lang='lat' dir='ltr'>[e</span> <span class='ocrx_word' id='word_1_228' title='bbox 1392 1960 1567 2003; x_wconf 82' lang='lat' dir='ltr'>habeat.</span> 
     </span>
     <span class='ocr_line' id='line_1_29' title="bbox 176 2031 1568 2090; baseline -0.005 -13"><span class='ocrx_word' id='word_1_229' title='bbox 176 2036 306 2081; x_wconf 86' lang='lat' dir='ltr'>Nunc</span> <span class='ocrx_word' id='word_1_230' title='bbox 326 2048 434 2075; x_wconf 83' lang='lat' dir='ltr'>vero</span> <span class='ocrx_word' id='word_1_231' title='bbox 455 2034 580 2075; x_wconf 82' lang='lat' dir='ltr'>casus</span> <span class='ocrx_word' id='word_1_232' title='bbox 605 2033 698 2074; x_wconf 86' lang='lat' dir='ltr'>eius</span> <span class='ocrx_word' id='word_1_233' title='bbox 720 2032 768 2073; x_wconf 88' lang='lat' dir='ltr'>in</span> <span class='ocrx_word' id='word_1_234' title='bbox 795 2032 992 2075; x_wconf 80' lang='lat' dir='ltr'>humana</span> <span class='ocrx_word' id='word_1_235' title='bbox 1020 2034 1111 2077; x_wconf 72' lang='lat' dir='ltr'>vita</span> <span class='ocrx_word' id='word_1_236' title='bbox 1139 2042 1180 2075; x_wconf 81' lang='lat' dir='ltr'>et</span> <span class='ocrx_word' id='word_1_237' title='bbox 1199 2031 1388 2090; x_wconf 83' lang='lat' dir='ltr'>species,</span> <span class='ocrx_word' id='word_1_238' title='bbox 1421 2036 1470 2071; x_wconf 85' lang='lat' dir='ltr'>ut</span> <span class='ocrx_word' id='word_1_239' title='bbox 1493 2044 1568 2071; x_wconf 82' lang='lat' dir='ltr'>ar-</span> 
     </span>
     <span class='ocr_line' id='line_1_30' title="bbox 176 2099 1395 2159; baseline -0.006 -11"><span class='ocrx_word' id='word_1_240' title='bbox 176 2104 344 2155; x_wconf 80' lang='lat' dir='ltr'>bitror,</span> <span class='ocrx_word' id='word_1_241' title='bbox 377 2102 474 2146; x_wconf 80' lang='lat' dir='ltr'>[atis</span> <span class='ocrx_word' id='word_1_242' title='bbox 495 2101 791 2158; x_wconf 79' lang='lat' dir='ltr'>exposuimus,</span> <span class='ocrx_word' id='word_1_243' title='bbox 851 2101 969 2146; x_wconf 87' lang='lat' dir='ltr'>Sane</span> <span class='ocrx_word' id='word_1_244' title='bbox 997 2103 1205 2159; x_wconf 81' lang='lat' dir='ltr'>quidem,</span> <span class='ocrx_word' id='word_1_245' title='bbox 1238 2099 1395 2158; x_wconf 82' lang='lat' dir='ltr'>inquit.</span> 
     </span>
    </p>
   </div>
   <div class='ocr_carea' id='block_1_3' title="bbox 181 2237 1568 2571">
    <p class='ocr_par' dir='ltr' id='par_1_3' title="bbox 181 2237 1568 2571">
     <span class='ocr_line' id='line_1_31' title="bbox 292 2237 1568 2295; baseline -0.003 -12"><span class='ocrx_word' id='word_1_246' title='bbox 292 2240 453 2284; x_wconf 83' lang='lat' dir='ltr'>Nonne</span> <span class='ocrx_word' id='word_1_247' title='bbox 480 2239 635 2295; x_wconf 77' lang='lat' dir='ltr'>igilur,</span> <span class='ocrx_word' id='word_1_248' title='bbox 666 2238 873 2294; x_wconf 79' lang='lat' dir='ltr'>inquam,</span> <span class='ocrx_word' id='word_1_249' title='bbox 904 2247 1052 2282; x_wconf 65' lang='lat' dir='ltr'>cetero.</span> <span class='ocrx_word' id='word_1_250' title='bbox 1078 2238 1354 2280; x_wconf 75' lang='lat' dir='ltr'>detraximus</span> <span class='ocrx_word' id='word_1_251' title='bbox 1383 2237 1427 2279; x_wconf 89' lang='lat' dir='ltr'>in</span> <span class='ocrx_word' id='word_1_252' title='bbox 1461 2244 1568 2279; x_wconf 59' lang='lat' dir='ltr'>ora-⁴</span> 
     </span>
     <span class='ocr_line' id='line_1_32' title="bbox 181 2304 1568 2363; baseline -0.004 -12"><span class='ocrx_word' id='word_1_253' title='bbox 181 2309 300 2352; x_wconf 82' lang='lat' dir='ltr'>tione</span> <span class='ocrx_word' id='word_1_254' title='bbox 320 2311 486 2359; x_wconf 86' lang='lat' dir='ltr'>nostra,</span> <span class='ocrx_word' id='word_1_255' title='bbox 519 2323 665 2363; x_wconf 82' lang='lat' dir='ltr'>neque</span> <span class='ocrx_word' id='word_1_256' title='bbox 684 2308 908 2349; x_wconf 81' lang='lat' dir='ltr'>meroedes</span> <span class='ocrx_word' id='word_1_257' title='bbox 931 2323 1074 2363; x_wconf 80' lang='lat' dir='ltr'>neque</span> <span class='ocrx_word' id='word_1_258' title='bbox 1094 2307 1260 2349; x_wconf 77' lang='lat' dir='ltr'>famam</span> <span class='ocrx_word' id='word_1_259' title='bbox 1293 2306 1477 2348; x_wconf 77' lang='lat' dir='ltr'>iustitiae</span> <span class='ocrx_word' id='word_1_260' title='bbox 1498 2304 1568 2346; x_wconf 83' lang='lat' dir='ltr'>af-</span> 
     </span>
     <span class='ocr_line' id='line_1_33' title="bbox 181 2375 1565 2433; baseline -0.004 -14"><span class='ocrx_word' id='word_1_261' title='bbox 181 2375 403 2428; x_wconf 81' lang='lat' dir='ltr'>serentes,</span> <span class='ocrx_word' id='word_1_262' title='bbox 444 2375 826 2433; x_wconf 87' lang='lat' dir='ltr'>quemadmodum</span> <span class='ocrx_word' id='word_1_263' title='bbox 858 2376 1097 2419; x_wconf 72' lang='lat' dir='ltr'>Hesiodum</span> <span class='ocrx_word' id='word_1_264' title='bbox 1140 2384 1184 2417; x_wconf 75' lang='lat' dir='ltr'>et</span> <span class='ocrx_word' id='word_1_265' title='bbox 1212 2376 1458 2417; x_wconf 78' lang='lat' dir='ltr'>Homerum</span> <span class='ocrx_word' id='word_1_266' title='bbox 1486 2388 1565 2414; x_wconf 74' lang='lat' dir='ltr'>vos</span> 
     </span>
     <span class='ocr_line' id='line_1_34' title="bbox 184 2443 1568 2502; baseline -0.003 -14"><span class='ocrx_word' id='word_1_267' title='bbox 184 2444 397 2488; x_wconf 82' lang='lat' dir='ltr'>dicebatis</span> <span class='ocrx_word' id='word_1_268' title='bbox 409 2446 587 2499; x_wconf 84' lang='lat' dir='ltr'>afferre,</span> <span class='ocrx_word' id='word_1_269' title='bbox 602 2446 673 2487; x_wconf 84' lang='lat' dir='ltr'>[ed</span> <span class='ocrx_word' id='word_1_270' title='bbox 694 2445 831 2502; x_wconf 85' lang='lat' dir='ltr'>ipsam</span> <span class='ocrx_word' id='word_1_271' title='bbox 853 2445 1059 2486; x_wconf 59' lang='lat' dir='ltr'>iustitiam</span> <span class='ocrx_word' id='word_1_272' title='bbox 1081 2444 1159 2499; x_wconf 78' lang='lat' dir='ltr'>ipsi</span> <span class='ocrx_word' id='word_1_273' title='bbox 1180 2443 1328 2485; x_wconf 81' lang='lat' dir='ltr'>animo</span> <span class='ocrx_word' id='word_1_274' title='bbox 1351 2443 1568 2501; x_wconf 78' lang='lat' dir='ltr'>optimam.</span> 
     </span>
     <span class='ocr_line' id='line_1_35' title="bbox 186 2510 1567 2571; baseline -0.004 -15"><span class='ocrx_word' id='word_1_275' title='bbox 186 2515 270 2557; x_wconf 80' lang='lat' dir='ltr'>effe</span> <span class='ocrx_word' id='word_1_276' title='bbox 302 2514 585 2571; x_wconf 77' lang='lat' dir='ltr'>invenimus,</span> <span class='ocrx_word' id='word_1_277' title='bbox 624 2521 671 2568; x_wconf 66' lang='lat' dir='ltr'>eij</span> <span class='ocrx_word' id='word_1_278' title='bbox 695 2513 897 2558; x_wconf 78' lang='lat' dir='ltr'>facienda</span> <span class='ocrx_word' id='word_1_279' title='bbox 930 2513 972 2556; x_wconf 88' lang='lat' dir='ltr'>ei</span> <span class='ocrx_word' id='word_1_280' title='bbox 1002 2513 1084 2556; x_wconf 77' lang='lat' dir='ltr'>effe</span> <span class='ocrx_word' id='word_1_281' title='bbox 1114 2513 1249 2563; x_wconf 85' lang='lat' dir='ltr'>iusta,</span> <span class='ocrx_word' id='word_1_282' title='bbox 1289 2513 1379 2556; x_wconf 82' lang='lat' dir='ltr'>five</span> <span class='ocrx_word' id='word_1_283' title='bbox 1407 2510 1567 2553; x_wconf 78' lang='lat' dir='ltr'>habeat</span> 
     </span>
    </p>
   </div>
  </div>
 </body>
</html>
