1657 2876
645 103 979 149 TIMAEUS.
1422 117 1502 159 117

116 220 540 273 transfundendum,
571 226 615 261 et
636 233 692 261 ex
719 218 883 260 adultis
902 225 1094 261 rectores
1118 226 1328 277 oportere
1351 216 1505 273 inqui-

116 301 265 334 rentes
297 291 448 348 dignos
484 303 684 344 quosque
717 289 871 330 rursus
901 287 1118 339 evehere,
1156 287 1360 345 indignos
1394 300 1503 329 vero

117 360 231 419 apud
254 360 358 401 sein
377 360 526 402 locum
549 366 810 400 evecturum
829 355 1106 399 transferre?

236 451 306 495 Ti.
335 450 413 493 Ita.

226 542 298 585 So.
327 541 447 583 Num
467 557 577 583 vero
599 542 678 584 illa
697 542 788 583 iam
813 539 1103 598 exposuimus
1124 537 1504 595 quemadmodum

115 610 234 663 heri,
267 609 433 667 quippe
456 625 576 652 nunc
597 608 857 652 summatim
877 624 926 651 ea
946 608 1230 666 repetentes?
1261 623 1317 650 an
1338 607 1506 650 defide-

113 693 266 720 ramus
299 679 445 721 adhuc
479 679 646 734 aliquid
668 679 890 721 dictorum
904 713 916 731 ‚
956 695 981 721 o
999 693 1102 720 care
1136 678 1346 726 Timaee‚
1384 683 1505 719 tam-

114 761 248 803 quam
276 748 667 803 praetermissum?

234 828 303 872 Ti.
343 827 668 884 Nequaquam,
711 828 785 869 sed
815 828 908 886 ipsa
944 828 1053 871 haec
1092 827 1194 869 sunt
1232 824 1378 879 dicta,
1419 823 1505 868 So-

113 903 252 938 crate.

227 974 296 1016 So.
330 975 491 1018 Audite
520 977 611 1018 iam
641 976 848 1034 deinceps
882 976 935 1018 de
971 976 1149 1018 civitate
1187 989 1323 1032 quam
1349 973 1506 1031 perse-

115 1043 243 1098 quuti
276 1045 452 1093 sumu-5,
487 1046 712 1100 quomodo
743 1047 789 1086 in
818 1061 915 1087 eam
948 1045 1273 1087 animatusfim.
1315 1042 1375 1084 ita
1399 1056 1503 1083 vero

115 1119 369 1167 comparata
389 1111 567 1154 videtur
587 1114 696 1155 mihi
718 1117 800 1156 effe
824 1113 933 1155 haec
956 1113 1146 1166 affectio,
1176 1120 1224 1154 ut
1246 1113 1274 1153 fi
1293 1110 1391 1167 quis
1414 1108 1506 1151 ani-

115 1179 282 1222 mantia
314 1180 504 1236 pulchra
535 1181 696 1223 alicubi
723 1182 990 1238 spectaverit
1025 1184 1114 1222 five
1147 1181 1322 1236 pictura
1362 1178 1506 1220 efficta

113 1249 201 1289 five
223 1260 377 1289 revera
413 1249 537 1299 viva,
569 1248 642 1290 fed
665 1250 835 1305 quieta,
868 1257 911 1290 et
936 1248 1150 1290 defiderio
1180 1246 1398 1288 afficiatur
1430 1245 1505 1287 vi-

115 1316 248 1358 dendi
265 1317 489 1371 quomodo
510 1325 553 1358 et
573 1317 664 1375 ipsa
681 1325 952 1360 moveantur
972 1325 1018 1358 et
1035 1316 1203 1372 aliquid
1215 1331 1371 1357 eorum
1391 1328 1504 1370 quae

116 1384 296 1442 corpori
315 1385 554 1428 videantur
579 1388 817 1428 convenire
841 1386 1054 1428 certando
1077 1386 1390 1441 exsequantur.
1423 1397 1506 1423 eo-

117 1453 217 1495 dem
238 1468 319 1509 ego
339 1468 518 1511 quoque
540 1456 673 1497 modo
690 1455 913 1497 animatus
932 1457 1030 1497 sum
1051 1455 1099 1496 in
1119 1455 1346 1496 civitatem
1371 1464 1506 1507 quam

117 1523 446 1579 descripsimus;
480 1523 667 1565 libenter
691 1524 812 1565 enim
835 1523 1031 1580 aliquem
1063 1522 1319 1565 audiverim
1358 1518 1505 1561 verbis

117 1600 414 1648 exponentem
444 1593 689 1634 certamina
711 1608 825 1648 quae
852 1593 958 1634 urbs
979 1600 1120 1633 tentet
1142 1588 1369 1647 quomodo
1391 1602 1506 1627 con-

116 1661 232 1702 serat
274 1675 375 1701 culn
419 1660 514 1702 aliis
553 1659 739 1703 urbibus
758 1693 772 1711 ,
832 1662 1042 1703 decenter
1063 1664 1067 1666 ⁷
1091 1660 1156 1701 ad·
1185 1658 1355 1700 bellum
1394 1670 1506 1711 pro-

116 1729 338 1772 ficiseanu·
379 1738 424 1771 et
468 1729 515 1771 in
558 1745 708 1786 pugna
745 1729 959 1771 exhibeat
998 1725 1419 1784 quae—institutioni
1461 1730 1506 1764 et

116 1798 362 1841 educationi
388 1799 680 1850 conveniant,
712 1805 799 1839 tam
828 1798 872 1838 in
902 1798 1034 1838 rebus
1063 1793 1267 1853 gerendis
1297 1807 1432 1848 quam
1456 1791 1506 1833 in

116 1870 372 1909 sermonum
403 1867 670 1909 commercio
705 1881 807 1907 cum
840 1865 1016 1921 singulis
1048 1862 1315 1906 civitatibus.
1357 1861 1402 1902 in
1434 1860 1503 1902 his

116 1936 274 1993 igitur,
317 1936 458 1977 Critia
491 1943 532 1977 et
559 1937 870 1988 Hermomate,
910 1935 1024 1976 mihi
1055 1933 1148 1991 ipse
1189 1933 1371 1988 despero
1404 1929 1505 1971 sore

118 2020 333 2060 umquam
357 2012 404 2046 ut
427 2006 630 2048 virorum
661 2015 703 2048 et
723 2005 910 2047 civitatis
930 2003 1028 2045 satis
1060 2003 1219 2059 possim
1249 2001 1401 2044 laudes
1427 2014 1506 2041 ce-

117 2075 309 2118 lebrare.
340 2089 391 2115 ac
409 2074 527 2128 quod
553 2074 605 2116 ad
624 2090 698 2118 me
718 2075 899 2124 attinet,
922 2072 1042 2114 haud
1065 2071 1108 2113 id
1133 2070 1411 2121 mirandum,
1432 2067 1505 2109 sed

121 2143 306 2186 eandem
326 2142 587 2184 sententiam
610 2151 742 2185 teneo
766 2143 899 2184 etiam
923 2142 977 2183 de
995 2142 1158 2182 veteris
1181 2154 1321 2194 aeque
1347 2151 1398 2179 ac
1417 2152 1505 2178 no-

121 2214 227 2254 strae
246 2211 490 2253 memoriae
520 2211 686 2269 poeti-5,
718 2212 1067 2267 haudquaquam
1098 2209 1325 2266 poeticum
1355 2205 1506 2261 despi-

123 2280 236 2322 ciens
257 2295 392 2336 genus
407 2312 419 2333 7
450 2281 520 2322 sed
543 2281 724 2323 cuilibet
744 2289 867 2337 patet
891 2280 1173 2322 imitatorum
1201 2277 1429 2320 nationem
1455 2274 1505 2315 in

124 2348 283 2404 quibus
296 2348 478 2390 educata
505 2348 640 2391 suerit
659 2365 708 2390 ea
729 2349 1007 2391 imitaturam
1032 2350 1114 2389 effe
1135 2346 1345 2388 facillime
1357 2353 1398 2385 et
1420 2359 1506 2400 op-

121 2418 252 2469 time,
285 2424 413 2458 extra
435 2415 748 2460 institutionem
784 2432 894 2459 vero
924 2416 1084 2471 cuique
1113 2417 1301 2472 positum
1327 2412 1503 2455 difficile

125 2489 207 2528 effe
231 2500 279 2527 re
295 2517 306 2534 ,
338 2484 558 2541 etiamque
590 2485 809 2528 difficilius
833 2485 974 2527 verbis
995 2484 1050 2526 ad
1078 2484 1191 2525 bene
1218 2481 1502 2525 imitandum.

124 2555 411 2612 sophistarum
435 2560 583 2597 autem
597 2567 732 2608 genus
751 2554 995 2596 multarum
1017 2553 1195 2609 quidem
1208 2551 1501 2610 pulchrarum

126 2624 375 2666 orationum
400 2622 594 2680 peritum
620 2623 830 2674 existimo,
854 2623 928 2665 scd
955 2637 1116 2666 vereor
1137 2638 1208 2674 ne,
1241 2621 1406 2677 quippe
1429 2632 1503 2658 er-
