1657 2876
653 174 951 221 CRITIAS.
1407 179 1492 225 '505

109 297 186 341 bes
207 302 481 355 pontemque
513 303 656 333 unum
680 288 778 331 fere
805 289 1010 344 iugerum
1036 291 1178 335 latum
1205 293 1495 341 circumcirca

111 367 219 409 hinc
248 365 460 418 illincque
487 357 660 415 lapideo
689 357 933 400 cinxerunt
950 374 1106 408 muro,
1139 369 1284 404 turres
1309 373 1495 421 portas-

108 449 197 491 que
226 431 439 491 pontibus
458 428 504 469 in
527 425 659 467 maris
685 426 1016 469 traiectionibus
1045 432 1378 486 quoquoversus
1400 432 1493 474 im·-

105 510 341 560 ponentes.
379 494 568 552 lapidem
601 509 711 535 vero
740 495 1005 538 excidebant
1030 497 1111 539 sub
1131 498 1275 540 insula
1295 499 1492 542 circum-

106 569 226 612 circa
244 569 291 610 in
312 565 460 609 medio
482 564 557 604 fita
580 570 624 604 et
644 562 725 604 sub
754 562 936 606 orbibus
968 572 1093 606 extra
1120 575 1164 607 et
1188 568 1322 620 intus,
1343 583 1491 612 unum

106 637 285 685 album,
315 633 507 675 alterum
538 630 739 686 nigrum,
772 632 958 674 tertium
985 634 1198 684 rubrum3
1233 636 1490 680 excidentes

103 713 256 748 autem
276 701 404 744 fimul
421 700 629 742 fecerunt
646 700 820 743 navalia
847 715 955 743 cava
985 702 1178 761 duplicia
1198 706 1314 747 intus
1328 737 1340 757 ‚
1371 711 1492 748 tecta

101 772 196 829 ipso
215 773 339 814 saxo.
369 776 502 824 atque
522 767 722 810 aedificia
741 769 826 810 alia
843 770 1075 827 fimplicia‚
1105 773 1192 814 alia
1211 773 1379 830 lapides
1399 773 1491 814 mi-

101 842 273 882 scentes
298 841 426 879 varia
453 837 796 878 construxerunt
823 852 906 894 per
931 839 1090 881 ludum
1117 849 1162 882 et
1189 841 1338 883 iocum
1359 840 1491 883 oble-

102 907 339 951 ctationem
361 905 421 946 eis
442 905 693 947 naturalem
717 903 985 958 tribuentes3
1007 924 1057 951 ac
1076 910 1195 952 muri
1214 908 1395 965 quidem
1416 923 1490 950 or-

101 975 207 1017 bem
225 974 448 1016 extimum
476 973 690 1029 cingentis
711 988 815 1015 aere
840 976 1068 1032 complexi
1100 978 1202 1019 sunt
1230 986 1378 1020 totum
1398 977 1491 1020 cir-

103 1043 272 1085 cuitum
287 1073 299 1094 ‚
330 1043 448 1098 quafi
469 1041 688 1084 illinentes
718 1056 845 1094 eum,
874 1042 1103 1086 interioris
1123 1046 1346 1105 ambitum
1370 1047 1489 1088 stan-

102 1127 163 1154 no
195 1111 506 1163 obduxerunt,
554 1125 658 1151 eum
690 1125 798 1153 vero
836 1111 914 1166 qui
944 1111 1088 1169 ipsam
1119 1129 1268 1157 arcem
1289 1115 1490 1157 circum-

101 1179 236 1221 dabat
263 1179 515 1222 aurichalco
535 1176 758 1234 fulgorem
777 1178 971 1222 habente
995 1181 1190 1238 igneum.
1239 1182 1378 1238 Regia
1407 1182 1485 1224 in-

106 1254 178 1289 tra
213 1262 362 1290 arcem
392 1248 457 1290 ita
482 1252 576 1288 erat
606 1248 836 1289 exstructa.
878 1247 927 1289 in
956 1249 1105 1292 medio
1135 1252 1356 1309 templum
1390 1258 1490 1293 erat

102 1315 271 1359 Clitoni
294 1323 339 1357 et
357 1313 570 1373 {Neptuno
595 1315 900 1358 consecratum
926 1317 1213 1374 inaccessum,
1243 1319 1374 1376 septis
1404 1333 1489 1361 au·-

96 1384 186 1428 1eis
209 1384 433 1435 cinctum,
466 1381 580 1422 illud
610 1381 657 1422 in
679 1396 767 1437 quo
796 1381 922 1425 initio
955 1394 1106 1429 ortum
1135 1395 1178 1430 et
1199 1395 1488 1444 procreatum

97 1459 194 1494 erat
217 1451 373 1492 decern
407 1449 520 1505 regis
545 1446 745 1490 filiorum
774 1463 936 1505 genus,
969 1453 1047 1495 ubi
1076 1454 1209 1498 etiam
1245 1455 1487 1513 quotannis

97 1535 156 1562 ex
178 1518 387 1561 omnibus
407 1518 561 1559 decem
581 1515 783 1573 partibus
805 1518 1082 1564 confluentes
1107 1523 1323 1568 solemnia
1346 1525 1488 1568 facie-

104 1587 214 1630 bant
239 1588 362 1629 sacra
385 1586 570 1629 illorum
605 1584 779 1639 cuique.
849 1586 1051 1644 Neptuni
1090 1589 1220 1646 ipfius
1263 1593 1488 1649 templum

96 1655 284 1698 stadium
318 1662 414 1697 erat
439 1654 652 1710 longum,
682 1652 769 1694 tria
793 1651 891 1695 fere
909 1654 1065 1713 iugera
1090 1659 1232 1702 latum
1255 1668 1299 1702 et
1326 1661 1489 1703 altitu-

97 1724 251 1767 dinem
289 1722 484 1765 habebat
518 1736 621 1763 cum
655 1720 725 1764 his
760 1733 1083 1778 congruentem
1121 1728 1175 1770 ad
1214 1728 1486 1786 adspectum,

98 1792 293 1851 speciem
329 1800 480 1835 autem
513 1789 740 1849 quandam
780 1788 1064 1837 barbaricam
1105 1795 1196 1854 ipse
1231 1797 1486 1842 exhibebat.

96 1869 241 1904 totum
269 1876 380 1903 vero
409 1860 629 1916 templum
665 1857 937 1902 extrinsecus
975 1871 1161 1918 argento
1201 1864 1490 1910 obduxerant

94 1937 280 1987 praeter
301 1928 465 1985 fastigia
475 1961 490 1980 ,
515 1943 627 1985 quae
645 1943 755 1969 auro
781 1937 939 1972 ornata
961 1938 1104 1973 eraut.
1135 1939 1177 1974 et
1203 1935 1325 1989 quod
1350 1935 1404 1978 ad
1422 1935 1490 1978 in-

95 1998 282 2040 teriores
314 2004 462 2057 partes
492 1996 671 2043 attinet,
707 1996 891 2039 lacunar
918 1997 1170 2042 eburneum
1198 2008 1345 2044 totum
1377 2019 1488 2047 auro

96 2073 142 2108 et
165 2072 349 2123 argento
383 2074 427 2108 et
451 2065 715 2123 aurichalco·
742 2066 992 2110 distinctum
1026 2077 1143 2122 erat,
1173 2069 1348 2126 reliqua
1371 2086 1484 2114 vero

96 2134 247 2176 omnia
260 2165 272 2186 ‚
291 2134 481 2192 parietes
502 2142 545 2176 et
565 2134 792 2177 columnas
814 2143 858 2178 et
874 2135 1184 2193 pavimentum
1198 2169 1209 2189 ‚
1229 2139 1485 2183 aurichalco

103 2202 510 2246 circumcluserant.
540 2216 695 2245 aureas
718 2217 894 2260 quoque
913 2206 1074 2249 statuas
1093 2205 1140 2248 in
1162 2222 1213 2248 eo
1228 2207 1489 2252 collocave-

96 2277 226 2323 rant,
258 2277 301 2311 et
331 2269 465 2313 doum
487 2269 666 2327 quidem
700 2270 746 2312 in
779 2286 915 2315 curru
940 2276 1123 2317 stantem
1151 2277 1231 2318 sex
1259 2275 1486 2319 alatorum

96 2352 318 2394 equorum
345 2345 564 2380 rectorem
578 2370 590 2391 ,
619 2337 762 2395 ipsum
783 2355 892 2383 vero
912 2342 969 2384 ob
988 2342 1348 2400 magnitudinem
1377 2359 1486 2388 ver·

93 2406 181 2447 tice
210 2405 395 2449 lacunar
424 2408 782 2464 contingentem,
812 2416 857 2452 et
881 2409 1091 2455 Nereides
1122 2411 1346 2470 delphinis
1375 2413 1486 2460 infi-

95 2474 248 2516 dentes
270 2482 448 2517 centum
470 2475 758 2520 circumcirca
771 2495 783 2531 3
816 2485 885 2520 tot
906 2480 1027 2522 enim
1049 2480 1270 2537 putabant
1291 2495 1362 2523 eas
1381 2496 1484 2523 me—

93 2542 263 2587 moriae
287 2542 406 2586 illius
444 2543 647 2594 homines
677 2546 774 2589 ess'e.
815 2548 958 2590 multa
987 2546 1106 2592 intus
1136 2549 1224 2593 alia
1253 2549 1482 2593 fimulacra

156 2749 267 2789 Tom.
307 2750 329 2788 l
337 2750 355 2792 ⁷,
1163 2753 1203 2795 U
