1657 2876
684 179 987 224 CRITIAS.
1449 170 1537 218 515

151 295 253 338 dem
282 295 439 338 bellica
469 293 619 350 regiae
653 292 846 335 civitatis
869 293 930 335 ita
960 301 1057 335 erat
1083 292 1336 342 constituta,
1367 305 1530 333 novem

150 380 262 407 vero
283 366 559 420 reliquarum
594 361 679 403 alia
706 361 860 412 aliter,
893 362 947 403 de
971 376 1059 417 qua
1081 361 1265 416 longum
1286 361 1343 401 est
1367 359 1531 401 dicere.

149 433 427 489 Magistratus
445 438 598 474 autem
622 437 664 471 et
684 430 872 472 honores
896 431 949 471 fic
977 437 1105 472 erant
1132 428 1188 471 ab
1213 428 1342 470 initio
1371 426 1532 472 consti-2

149 502 246 543 tuti.
291 501 442 543 decem
467 512 624 554 regum
654 497 963 555 unusquisque
984 513 1067 555 pro
1090 497 1206 540 virili
1230 503 1359 553 parte
1388 494 1435 536 in
1466 495 1533 536 ci-

149 571 285 612 vitate
302 571 376 611 sua
397 567 502 609 viris
525 566 824 623 plurimisque
843 567 1013 623 legibus
1035 564 1375 612 moderabatur,
1408 564 1532 605 casti—

149 654 258 695 gans
294 644 338 677 et
367 634 636 677 interficiens
666 649 802 690 quem
838 635 995 682 vellet:
1027 645 1238 677 mutuum
1274 646 1385 674 vero
1414 631 1532 673 inter

146 707 264 763 ipsos
287 704 531 761 imperium
552 710 595 745 et
609 702 911 746 communitas
929 703 1167 745 secundum
1179 701 1376 758 Neptuni
1400 715 1533 742 man-

149 774 253 815 data
272 780 398 815 erant
420 772 678 825 constituta,
709 787 823 828 quae
843 772 916 814 lex
934 771 994 813 eis
1025 779 1066 813 et
1094 770 1266 813 litterae
1295 769 1533 812 tradebant

148 857 175 884 a
195 841 349 898 primis
371 842 608 883 columnae
636 842 884 883 exstructae
911 855 966 882 ex
990 839 1247 888 aurichalco
1270 838 1530 896 insculptae,

148 925 260 967 quae
281 909 430 951 media
459 908 507 951 in
539 908 679 950 insula
705 909 841 966 polita
861 907 1012 950 eratin
1024 906 1215 964 Neptuni
1233 907 1416 963 templo,
1440 921 1531 960 quo

148 976 329 1035 quidem
359 976 540 1019 alternis
569 976 705 1018 modo
732 976 890 1033 quinto
919 977 1053 1018 modo
1073 977 1193 1018 sexto
1221 990 1338 1017 anno
1363 989 1534 1017 conve-

146 1045 355 1097 niebant,
396 1045 496 1102 pari
525 1052 569 1086 et
598 1045 764 1103 impari
802 1060 996 1087 numero
1024 1044 1141 1086 idern
1177 1043 1444 1090 tribuentes,
1489 1049 1534 1084 et

152 1115 470 1157 convenientes
496 1114 551 1155 de
587 1113 720 1156 rebus
750 1114 1065 1156 communibus
1093 1112 1427 1164 consultabant,
1457 1111 1534 1152 in-

147 1183 383 1238 quirebant
412 1185 439 1224 fi
471 1184 567 1238 quis
595 1182 699 1238 quid
732 1184 1002 1238 migraverat
1037 1189 1080 1222 et
1113 1178 1383 1222 iudicabant.
1415 1179 1540 1220 iudi-

147 1252 266 1293 cium
287 1260 435 1293 autem
461 1251 705 1292 exercitari
726 1251 859 1294 fidem
882 1250 995 1293 inter
1012 1252 1055 1291 se
1072 1249 1187 1291 hanc
1209 1248 1333 1305 p‘rius
1355 1247 1531 1290 dabant.

145 1319 278 1363 liberi
300 1331 448 1374 {quum
477 1321 760 1375 pascerentur
789 1320 907 1361 tauri
938 1319 985 1360 in
1007 1319 1205 1377 Neptuni
1227 1316 1422 1372 templo,
1453 1316 1535 1357 de-

148 1402 244 1430 cem
257 1386 322 1429 illi
334 1385 411 1428 soli
431 1386 503 1427 hic
521 1389 744 1427 versantes
765 1386 990 1429 vovebant
1009 1388 1091 1429 deo
1105 1394 1278 1444 gratam
1303 1385 1534 1426 victimam

147 1456 190 1497 se
211 1461 422 1511 capturos
445 1457 527 1497 esse
541 1485 551 1504 ,
579 1461 622 1495 et
641 1454 730 1495 fine
750 1451 873 1494 ferro
895 1453 1022 1507 lignis
1043 1463 1087 1496 et
1107 1455 1279 1510 laqueis
1303 1453 1537 1495 venaban-

147 1531 238 1575 tur,
269 1531 450 1564 taurum
480 1536 590 1564 vero
612 1535 743 1576 quem
773 1529 986 1576 ceperant
1014 1522 1066 1563 ad
1093 1522 1348 1563 columnam
1378 1521 1537 1563 trahe-

149 1593 257 1634 bant
286 1598 329 1631 et
356 1590 406 1632 in
432 1589 523 1632 eius
550 1589 722 1631 vertice
744 1590 1002 1632 mactabant
1033 1589 1080 1631 in
1100 1588 1261 1631 litteris
1286 1588 1349 1630 ibi
1380 1589 1533 1631 incifis.

147 1660 195 1704 in
221 1660 430 1702 columna
459 1666 640 1717 praeter
664 1659 783 1713 leges
815 1658 1128 1701 iusiurandum
1160 1665 1255 1699 erat
1285 1656 1382 1698 dira
1406 1659 1538 1698 exse-

147 1743 278 1772 crans
305 1727 352 1769 in
386 1742 463 1769 eos
493 1728 572 1784 qui
600 1742 691 1769 non
717 1726 910 1784 parituri
931 1730 1078 1769 effent.
1122 1740 1259 1781 quum
1289 1726 1536 1767 secundum

147 1798 264 1853 leges
283 1798 381 1837 snas
399 1795 614 1838 sacrificio
637 1795 755 1838 facto
777 1795 1079 1838 consecraturi
1100 1802 1229 1836 erant
1248 1794 1398 1836 omnia
1416 1792 1537 1843 tauri

148 1866 376 1917 membra,
406 1872 580 1906 cratera
603 1863 846 1906 statuebant
865 1871 907 1905 et
927 1878 1008 1921 pro
1032 1877 1210 1919 quoque
1231 1869 1405 1919 guttam
1428 1862 1537 1904 inii-

149 1932 324 1975 ciebant
345 1932 586 1988 sanguinis,
611 1933 785 1987 reliqua
803 1933 850 1974 in
871 1932 1018 1988 ignem
1049 1931 1324 1986 inferebant,
1346 1932 1536 1974 lustran-

148 2009 212 2043 tes
233 2001 514 2053 columnam3
546 2000 708 2042 deinde
726 2001 871 2043 aureis
895 1998 1062 2058 poculis
1083 2013 1107 2040 e
1127 2007 1296 2042 cratere
1320 2000 1537 2041 haurien-

149 2077 213 2111 tes
235 2077 278 2110 et
296 2068 341 2110 in
363 2069 510 2125 ignem
538 2068 726 2111 libantes
755 2069 967 2112 iurabant
994 2068 1266 2111 iudicaturos
1287 2069 1329 2108 se
1358 2071 1443 2110 effe
1466 2069 1538 2108 se-

151 2138 353 2180 cundum
387 2139 500 2193 leges
536 2138 773 2180 columnae
801 2137 955 2180 incisas
989 2144 1032 2179 et
1067 2136 1346 2193 castigaturos
1378 2138 1406 2178 fi
1440 2136 1537 2191 quis

151 2206 258 2264 quid
280 2214 382 2249 ante
406 2205 761 2262 migraffet‚etin
773 2207 994 2263 posterum
1006 2219 1186 2263 quoque
1208 2205 1321 2248 nihil
1351 2204 1540 2262 scripto-

150 2290 256 2317 rum
298 2276 374 2316 sua
405 2276 561 2332 sponte
600 2274 892 2330 migraturo&
933 2289 1080 2331 neque
1123 2274 1422 2330 imperaturos
1453 2287 1536 2314 ne-

151 2359 237 2401 que
258 2343 496 2399 imperanti
530 2343 753 2400 parituros
783 2344 863 2385 effe
887 2342 962 2385 nifi
991 2343 1234 2386 secundum
1258 2341 1399 2400 patris
1421 2342 1537 2397 leges

151 2413 448 2455 mandaturus
480 2415 595 2454 esset.
637 2416 750 2468 quae
775 2426 917 2468 quum
947 2411 1134 2455 voviffet
1166 2414 1352 2469 quisque
1380 2425 1538 2451 eorum

153 2496 238 2539 pro
272 2480 316 2523 se
346 2480 513 2537 suoque
542 2495 715 2538 genere,
745 2480 928 2524 bibebat
945 2488 989 2524 et
1006 2480 1166 2538 poculo
1197 2480 1245 2524 in
1271 2479 1342 2522 dei
1367 2478 1536 2536 templo
