1657 2876
674 129 969 180 Ponl'rlA
1006 135 1086 180 IX.
1510 139 1564 182 23

175 261 248 297 tes
278 252 354 310 qui
381 249 478 308 ipfis
508 248 751 291 adulantur
777 256 824 291 et
851 248 906 291 ad
930 249 1083 292 omnia
1114 251 1258 307 parati
1287 252 1387 296 sunt
1417 251 1562 299 officia

180 319 456 382 praestanda,
486 318 571 370 vel,
599 319 628 359 fi
651 331 784 372 quem
807 318 911 374 quid
931 324 1103 374 rogant,
1134 320 1208 375 ipsi
1232 320 1392 364 blande
1408 323 1450 364 se
1462 324 1563 364 sub-

180 390 420 436 mittentes,
450 401 606 428 omnes
625 385 836 444 personas
863 385 1147 443 suscipientes
1173 396 1398 445 tamquam
1423 389 1563 432 fami-

177 457 479 513 liares,quum
490 469 596 496 vero
627 455 937 511 impetrarunt,
956 462 1185 509 tamquam
1209 458 1370 500 alieni?
1390 459 1564 501 Admo-

178 525 299 568 dum.
357 526 409 567 In
430 523 555 565 omni
575 523 712 576 igitur
733 521 822 564 vita
842 521 1008 564 vivunt
1041 523 1152 565 nulli
1178 538 1388 579 umquam
1413 526 1561 580 amici,

177 592 252 635 sed
284 593 558 648 imperantes
586 593 763 650 semper
791 589 918 632 alicui
951 599 1028 633 aut
1051 592 1179 634 alteri
1211 594 1476 645 serviente33
1507 594 1565 637 li-

179 659 360 703 bertatis
382 660 502 702 enim
524 667 567 701 et
586 659 810 702 amicitiae
824 674 956 701 verae
975 659 1150 702 animus
1173 662 1433 717 tyrannicus
1449 665 1567 706 [em-

177 743 262 788 per
282 743 455 785 expers.
515 729 632 772 Sane
658 727 853 783 quidem.
909 725 1068 769 Nonne
1086 728 1223 784 igitur
1240 737 1360 771 recte
1378 730 1457 773 hos
1479 747 1569 773 vo-

180 796 382 839 cabimus
408 796 600 838 infidos?
631 795 837 854 Quidni?
866 794 1010 851 Atque
1028 796 1162 837 etiam
1189 796 1394 848 iniustos,
1428 813 1567 854 quam

178 864 377 908 maxime
405 866 542 922 potest
574 864 696 913 fieri,
723 863 933 920 fiquidem
966 871 1089 906 recte
1111 865 1242 922 supra
1271 867 1565 910 consenfimns

178 928 312 977 inter*
327 948 407 976 nos
436 933 491 976 de
510 932 699 975 iustitiae
719 940 893 974 natura.
952 932 1017 975 Ac
1037 941 1158 974 recte
1178 934 1353 991 quidem
1366 967 1378 986 ,
1407 935 1565 991 inquit.

179 1001 452 1046 summatim
482 1001 644 1058 igitur,
682 999 887 1056 inquam,
925 1000 1078 1043 virum
1106 1000 1407 1046 describamus
1434 1004 1570 1060 pessi-

178 1085 333 1122 mum3
374 1072 432 1112 est
462 1077 613 1111 autem
639 1068 677 1110 is
704 1067 802 1124 qui,
844 1069 1020 1124 qualem
1049 1070 1315 1126 cogitatione
1332 1072 1567 1127 finximus,

180 1139 314 1181 talem
346 1153 498 1180 revera
518 1139 563 1177 se
581 1137 781 1194 praebet.
838 1136 954 1179 Sane
983 1137 1173 1192 quidem.
1234 1140 1393 1183 Nonne
1412 1141 1485 1184 hic
1509 1144 1569 1184 est

177 1205 281 1263 qui,
312 1220 452 1262 quum
473 1204 671 1247 maxime
699 1204 986 1261 tyrannicum
1010 1206 1173 1249 habeat
1189 1209 1417 1262 animum,
1448 1211 1568 1253 solus

179 1275 384 1332 imperat,
416 1281 456 1316 et
477 1287 564 1329 quo
583 1273 748 1315 diutius
769 1272 817 1314 in
841 1274 1084 1330 tyrannide
1104 1275 1228 1329 vivit,
1259 1292 1313 1318 eo
1336 1277 1476 1334 magis
1495 1286 1570 1322 ta.-

179 1342 264 1386 lis?
292 1343 467 1386 Neceffe
489 1342 558 1394 est,
591 1341 765 1383 Glauco
789 1341 935 1398 inquit
951 1343 1204 1386 sermonem
1232 1346 1481 1403 excipiens.

293 1411 456 1454 Nonne
474 1424 598 1461 vere,
630 1409 830 1466 inquam,
852 1409 929 1465 qui
956 1411 1182 1468 reperitur
1200 1414 1500 1470 pravissimus,
1530 1415 1569 1458 is

181 1481 316 1524 etiam
354 1478 633 1522 miserrimus
662 1479 938 1536 reperietur,
979 1487 1023 1521 et
1045 1480 1119 1536 qui
1148 1479 1389 1525 diutisfime
1417 1484 1571 1526 maxi-

180 1564 344 1604 meque
365 1548 645 1604 tyrannidem
670 1546 892 1599 exercuit,
925 1547 960 1589 is
987 1549 1185 1592 maxime
1207 1564 1385 1607 quoque
1410 1552 1574 1601 diutis-‚

183 1619 543 1671 fimequercvera
554 1616 652 1657 talis
664 1615 813 1663 evadit
827 1615 848 1657 2²
867 1629 1139 1671 quamquam
1152 1618 1429 1663 multitudini
1445 1621 1573 1663 mul-

178 1693 230 1728 ta
260 1696 438 1740 quoque
470 1683 696 1727 videntur.
753 1683 1026 1735 Neceffario,
1063 1685 1232 1740 inquit,
1261 1687 1373 1728 haec
1397 1688 1500 1730 iane
1526 1689 1574 1731 se

179 1754 240 1796 fic
260 1751 439 1794 habent.
500 1751 661 1792 Nonne
682 1751 841 1806 igitur,
872 1750 1071 1807 inquam,
1104 1755 1362 1808 tyrannicus
1382 1755 1437 1797 ad
1458 1756 1574 1799 civi-

180 1821 283 1863 tatis
324 1817 503 1876 tyranni
539 1816 732 1874 imperio
769 1817 1010 1869 subiectae,
1050 1821 1284 1876 popularis
1319 1822 1373 1863 ad
1411 1823 1573 1881 populi

180 1888 458 1949 principatus
484 1885 820 1928 fimilitudinem
847 1885 1080 1938 accedent,
1120 1888 1243 1930 etita
1263 1903 1441 1947 quoque
1461 1892 1575 1935 reli-

185 1958 294 2015 qui?
321 1955 527 2013 Quidni?
548 1955 605 1998 Et
624 1969 740 2011 quae
759 1955 874 1997 ratio
893 1956 956 1997 est.
966 1955 1198 1999 civitatum
1220 1958 1273 1999 ad
1296 1957 1510 2003 virtutem
1529 1969 1577 2003 etz

179 2026 458 2076 felicitatem,
480 2022 636 2065 eadem
657 2024 716 2065 est
734 2021 865 2066 etiam
881 2023 1111 2065 virorum?
1133 2024 1404 2071 Admodum.
1438 2029 1576 2087 Quo·-

184 2093 321 2139 modo
338 2092 472 2148 igitur
497 2091 651 2134 civitas
673 2092 853 2149 tyranni
872 2091 1062 2149 irnperio
1084 2092 1278 2135 subiecta
1297 2095 1343 2137 se
1363 2096 1495 2139 habet
1515 2098 1575 2140 ad

185 2177 285 2205 eam
305 2175 418 2218 quae
435 2161 528 2216 regi
552 2161 871 2217 pa1·et,qualem
885 2161 1085 2217 primum
1099 2161 1403 2219 descripsimus
1416 2164 1437 2206 ἶ)
1467 2166 1575 2207 Pla-

184 2246 244 2274 ne
268 2237 449 2280 contra,
488 2228 656 2284 inquit;
696 2243 788 2272 una
815 2230 936 2271 enim
966 2230 1139 2287 optima
1171 2233 1250 2283 est,
1293 2233 1431 2274 altera
1461 2248 1575 2276 vero

185 2297 379 2358 peffima.
437 2297 537 2340 Non
569 2310 807 2352 quaeram,
843 2296 1053 2352 inquam,
1093 2306 1242 2341 utram
1272 2299 1414 2352 dicas5
1454 2309 1576 2360 patet

187 2366 334 2418 enim3
365 2379 551 2418 verum,
584 2364 703 2419 quod
735 2365 789 2408 ad
814 2363 1071 2407 felicitatem
1093 2373 1137 2407 et
1158 2365 1379 2411 miseriam
1402 2370 1578 2422 attinet,

184 2435 306 2477 idem
329 2435 386 2476 est
399 2441 527 2475 tuum
544 2431 775 2486 iudicium,
791 2449 848 2476 an
869 2433 1022 2476 aliud?
1048 2449 1104 2476 ne
1126 2450 1234 2477 vero
1252 2438 1576 2491 perturbemur

184 2503 234 2545 in
262 2510 508 2559 tyrannum
548 2515 692 2542 unum
720 2501 946 2544 intuentes
984 2502 1057 2544 vel
1088 2517 1252 2559 paucos
1282 2505 1451 2560 aliquos
1484 2504 1578 2546 eius

185 2571 406 2622 satellites,
436 2568 918 2625 sed,quemadm0dum
938 2579 1117 2628 oportet
1134 2572 1181 2614 in
1202 2580 1341 2614 totam
1363 2589 1442 2614 nos
1464 2573 1580 2615 civi-

185 2645 325 2684 tatem
345 2638 554 2695 ingreffos
572 2635 877 2679 confiderem.
906 2637 920 2679 i
929 2645 970 2680 tn
991 2639 1248 2684 nniversam
1268 2655 1408 2697 quum
1431 2641 1580 2685 intra-
