1657 2876
591 135 928 180 TlMAeus.
1372 133 1453 194 149

66 255 249 301 molitus
276 262 422 298 autem
454 253 510 294 est
531 249 593 292 ita
617 249 896 292 distribuere.
927 264 1064 292 unam
1092 250 1313 309 principio
1344 265 1454 307 par-

67 336 159 370 tem
179 324 369 368 detraxit
399 336 453 362 ex
473 326 587 364 toto,
620 319 713 373 post
733 318 849 360 hanc
885 317 1058 374 primae
1084 320 1223 375 partis
1255 320 1450 377 duplam,

67 397 228 439 deinde
254 391 428 435 tertiam
468 387 796 442 sesquialteram
832 387 1073 440 secundae,
1115 388 1297 444 triplam
1344 404 1454 431 vero

65 458 425 524 primae,deinde
449 465 656 513 quartam
677 455 892 497 secundae
915 455 1111 512 duplam,
1127 456 1331 512 quintam
1350 458 1457 500 inde

66 534 218 576 tertiae
240 528 434 585 triplam,
453 534 552 568 tum
572 527 737 567 sextam
763 523 934 580 primae
962 525 1204 581 octuplam,
1236 527 1453 582 postremo

65 601 298 660 septimam
326 610 438 651 quae
471 595 635 650 septem
668 602 713 636 et
751 594 911 649 viginti
939 593 1141 651 partibus
1173 595 1455 637 antecederet

64 670 250 728 primae.
292 665 453 706 deinde
479 663 660 705 instituit
698 663 834 721 dupla
865 671 910 705 et
939 663 1073 720 tripla
1102 662 1340 706 intervalla
1369 679 1455 706 ex-

64 737 213 796 plere,
244 742 392 792 partes
413 734 567 775 rursus
585 731 707 774 illine
727 733 931 774 desecans
950 738 994 773 et
1018 731 1065 773 in
1093 731 1272 775 illorum
1302 734 1452 774 medio

62 807 126 848 ita
142 807 293 848 locans
314 810 364 844 ut
384 802 430 844 in
451 801 625 857 siugulis
647 802 896 844 inter-vallis
914 800 1019 844 bina
1042 804 1175 843 essent
1194 800 1363 851 media,
1390 801 1454 842 al-

63 882 209 916 terum
231 872 387 914 eadem
411 878 540 928 parte
557 872 784 927 praestans
813 871 1020 912 extremis
1048 871 1291 926 eademque
1321 870 1455 926 supe-

64 952 214 985 ratum
231 974 242 994 ,
273 941 464 982 alterum
486 940 583 996 pari
606 955 796 991 numero
821 940 1037 997 praestans
1067 947 1110 981 et
1144 938 1241 992 pari
1267 939 1455 995 supera-

65 1021 175 1055 tum.
218 1009 511 1066 sesquialteris
542 1016 691 1051 autem
727 1007 971 1050 intervallis
1009 1016 1052 1050 et
1083 1007 1376 1065 sesquitertiis
1412 1011 1456 1048 et

63 1078 386 1134 sesquioctavis
425 1076 530 1119 ortis
569 1092 626 1119 ex
653 1077 722 1119 liis
754 1075 1107 1131 colligationibus
1140 1078 1188 1119 in
1222 1074 1452 1134 prioribus

62 1145 340 1197 intervallis,
382 1144 687 1200 sesquioctavo
728 1146 963 1187 intervallo
994 1144 1275 1201 sesquitertia
1305 1142 1456 1185 omnia

62 1214 275 1272 explevit,
290 1227 427 1268 quum
449 1212 712 1270 particulam
734 1215 1008 1269 singulorum
1027 1213 1321 1267 relinqueret,
1335 1210 1456 1253 cuius

63 1282 242 1340 quidem
265 1281 512 1338 particulae
531 1281 820 1323 intervallum
844 1282 1049 1324 relictum
1078 1280 1256 1323 numeri
1285 1280 1340 1320 ad
1366 1293 1457 1320 nu·-

62 1366 243 1394 merum
263 1350 453 1392 habebat
473 1349 687 1392 terminos
707 1349 1004 1393 ducentorum
1029 1347 1352 1406 quinquaginta
1379 1348 1457 1388 sex

62 1420 118 1462 ad
141 1420 331 1461 ducenta
353 1419 649 1474 quadraginta
670 1419 771 1461 tria.
803 1429 937 1475 atque
960 1419 1022 1460 ita
1045 1417 1320 1475 permixtum
1341 1415 1456 1458 illud

63 1505 119 1531 ex
153 1504 242 1545 quo
275 1487 384 1529 haec
413 1488 634 1538 secuerat,
666 1487 754 1529 iam
790 1502 925 1528 omne
950 1487 1297 1543 consumpserat.
1338 1484 1457 1526 hanc

64 1559 201 1615 igitur
243 1571 423 1599 omnem
459 1556 823 1598 coniunctionem
856 1554 1082 1612 duplicem
1126 1556 1172 1596 in
1210 1553 1458 1610 longitudi-

63 1643 168 1670 nem
205 1625 384 1677 diffidit,
417 1624 611 1666 mediam
636 1629 872 1678 utramque
896 1623 1071 1665 mediae
1102 1623 1166 1665 ita
1200 1636 1457 1664 accommo-

63 1698 172 1739 dans
197 1703 247 1736 ut
264 1695 382 1749 quafi
404 1693 578 1735 litterae
599 1692 641 1735 X
662 1693 793 1734 instar
815 1692 1091 1744 obtinerent3
1123 1690 1287 1732 deinde
1310 1690 1355 1731 in
1378 1704 1457 1731 or·-

64 1766 165 1808 bem
187 1766 324 1815 torsit,
357 1762 632 1817 coniungens
655 1762 768 1816 ipsas
791 1761 939 1801 secum
961 1767 1005 1801 et
1026 1760 1144 1802 inter
1164 1760 1206 1799 se
1231 1771 1254 1799 e
1273 1758 1456 1814 regione

64 1832 381 1877 commissurae,
404 1836 618 1884 motuque
633 1829 788 1871 eadem
806 1829 979 1870 ratione
997 1835 1041 1869 et
1061 1827 1109 1868 in
1128 1826 1285 1868 eodem
1308 1827 1355 1867 in
1377 1841 1456 1869 or·-

65 1903 166 1945 bem
190 1901 461 1944 circumacto
485 1913 558 1939 eas
580 1897 867 1940 circumcirca
885 1896 1145 1954 complexus
1170 1897 1240 1948 est,
1262 1895 1453 1937 alterum

64 1970 245 2028 quidem
265 1969 420 2011 urbem
443 1967 711 2009 exteriorem
733 1965 944 2018 efficiens,
961 1966 1153 2007 alterum
1176 1964 1454 2006 interiorem.

65 2046 194 2095 atque
227 2036 492 2079 exteriorem
524 2036 701 2093 quidem
740 2035 986 2078 motionem
1017 2034 1217 2077 eiusdem
1250 2041 1455 2084 naturae,

65 2107 321 2150 interiorem
363 2121 470 2148 vero
500 2106 679 2148 alterius
719 2104 995 2156 nominavit3
1038 2111 1080 2145 et
1119 2118 1223 2145 eum
1253 2102 1331 2157 qui
1360 2109 1455 2143 erat

67 2176 264 2217 eiusdem
295 2183 485 2218 naturae
515 2191 542 2217 a
573 2175 709 2217 latere
739 2174 785 2215 in
819 2173 1026 2215 dextram
1058 2178 1231 2227 partem
1261 2171 1453 2219 detorsit,

68 2244 245 2286 alterius
270 2252 417 2286 autem
444 2251 630 2286 naturae
654 2249 826 2284 motum
853 2258 877 2284 a
901 2240 1048 2283 media
1068 2240 1184 2281 linea
1212 2238 1377 2281 direxit
1399 2239 1452 2280 ad

67 2313 256 2355 laevam.
282 2313 578 2368 principatum
597 2326 703 2353 vero
727 2311 846 2352 dedit
868 2309 1065 2352 eiusdem
1091 2315 1136 2349 et
1161 2306 1356 2365 aequalis
1369 2323 1455 2350 na-

68 2389 195 2439 turae
230 2381 529 2432 convers10ni3
570 2381 682 2422 hanc
713 2379 831 2422 enim
863 2380 999 2421 solam
1030 2376 1309 2419 individuam
1345 2375 1454 2418 reli-

69 2450 188 2504 quit,
230 2448 491 2491 interiorem
530 2456 678 2490 autem
708 2462 847 2503 quum
878 2447 923 2489 in
953 2447 1026 2488 sex
1058 2452 1208 2502 partes
1238 2444 1452 2497 divififfet,

68 2518 235 2573 septem
258 2515 383 2557 orbes
410 2516 608 2573 dispares
633 2516 758 2574 dupli
790 2525 834 2557 et
860 2514 981 2573 tripli
1005 2513 1244 2556 intervallo
1261 2526 1451 2568 quoque,

68 2585 297 2641 utriusque
321 2599 462 2640 quum
486 2585 570 2626 tria
600 2588 754 2637 essent,
785 2583 1017 2626 contrariis
1037 2582 1158 2624 inter
1186 2582 1228 2623 se
1259 2580 1450 2624 cursibus

69 2653 240 2699 moveri
259 2653 396 2707 iussit,
415 2668 572 2696 eorum
594 2661 742 2697 autem
765 2652 898 2696 trium
926 2651 1027 2696 fecit
1044 2665 1173 2711 pares
1192 2651 1449 2697 celeritates,
