1657 2876
236 170 253 180 “
582 174 915 219 TIMAEUS.
1361 179 1446 234 275

58 295 287 341 circuitus.
321 293 401 336 has
423 290 558 348 igitur
579 288 698 345 sequi
729 295 907 344 oportet
927 304 1175 346 quemque,
1208 300 1257 334 ut
1278 291 1442 334 circui-

57 375 129 409 tus
150 365 195 408 in
216 363 359 419 capite
378 360 524 402 nostro
546 372 628 414 per
661 362 811 398 ortum
832 364 1066 413 corruptos
1100 359 1309 401 emendet
1335 361 1442 403 uni-

56 436 169 477 ven-fi
191 429 446 474 harmonias
468 432 509 466 et
528 423 739 466 circuitus
759 425 1049 482 perspiciens,
1071 427 1276 469 universo
1306 428 1442 471 iutel-

23 517 25 520 ⁴
55 503 169 546 lecto
189 493 464 553 intelligendi
496 493 590 535 vim
613 493 794 534 fimilem
826 491 986 533 efficiat
1018 494 1257 538 secundum
1287 494 1443 553 pristi-

55 586 164 613 nam
186 578 407 616 naturam,
433 570 476 603 et
493 562 611 603 hanc
633 577 713 619 per
732 560 1063 603 fimilitudinem
1083 560 1219 606 finem
1239 566 1443 620 assequa-

54 646 134 681 tur
168 638 286 678 vitae
327 631 524 689 optimae
566 630 821 672 hominibus
851 645 876 672 a
905 628 988 670 diis
1026 633 1280 688 propositae
1319 633 1441 676 etin

53 718 263 764 praesens
285 709 330 744 et
350 700 398 742 in
417 701 640 756 posterum
663 707 850 752 tempus.

166 774 262 816 Iam
285 784 392 811 vero
414 783 538 811 nunc
550 781 664 822 quae
683 767 807 808 initio
829 766 1129 809 constituimus
1149 767 1362 813 disserere
1383 774 1440 816 de

51 840 262 886 universo
283 853 423 894 usque
448 836 502 878 ad
537 842 685 877 ortum
718 835 971 877 humanum
992 836 1046 878 ad
1068 835 1201 879 finem
1223 838 1442 885 videntur

52 910 150 954 fere
176 907 392 967 perducta
423 908 517 948 effe.
556 903 730 959 reliqua
762 910 911 945 autem
943 905 1189 948 animantia
1216 909 1440 964 quomodo

51 985 288 1037 procreata
317 976 422 1026 fint,
453 974 579 1015 brevi
609 972 979 1022 memorandum,
1011 974 1086 1014 nifi
1114 973 1230 1016 sorte
1255 979 1439 1020 necessi-

53 1054 122 1088 tas
149 1044 339 1102 postulat
368 1051 416 1086 ut
440 1043 575 1086 fufius
601 1041 900 1099 disputatum
933 1043 985 1083 fic
1013 1042 1133 1084 enim
1164 1043 1439 1089 moderatior

53 1112 211 1169 aliquis
233 1112 420 1154 fimimet
444 1111 523 1168 ipfi
553 1110 755 1152 videatur
775 1110 822 1150 in
847 1109 914 1155 his
944 1110 1219 1167 exponendis
1242 1116 1335 1157 esse.
1375 1115 1440 1160 ita

52 1182 190 1239 igitur
209 1180 295 1222 hoc
315 1178 575 1236 explicetur.
637 1177 851 1221 Virorum
878 1187 1214 1234 procreatorum
1238 1182 1440 1237 quicum.

53 1264 141 1306 que
171 1247 322 1304 ignavi
349 1246 525 1288 fuerant
566 1244 794 1300 vitamque
826 1246 982 1288 iniuste
1023 1248 1343 1304 traduxerant,
1383 1267 1440 1296 ex

54 1317 258 1361 oratione
287 1311 518 1356 verisimili
543 1312 590 1353 in
617 1313 829 1354 mulieres
857 1315 1133 1358 transierunt
1163 1316 1211 1359 in
1246 1320 1439 1362 secundo

53 1393 173 1429 ortu.
200 1392 244 1426 et
269 1384 345 1426 illo
375 1380 559 1437 quidem
592 1389 801 1439 tempore
824 1381 940 1423 hanc
961 1382 1015 1423 ob
1039 1385 1216 1428 causam
1235 1386 1293 1428 dii
1329 1403 1441 1430 con-

56 1451 299 1497 cumbendi
319 1450 609 1507 cupiditatem
634 1457 907 1505 genuerunt,
940 1450 1110 1492 animal
1130 1467 1270 1495 unum
1293 1455 1340 1497 in
1361 1472 1441 1499 no-

53 1523 121 1565 bis
144 1555 160 1574 ‚
209 1522 402 1562 alterum
436 1517 484 1558 in
517 1516 780 1558 mulieribus
824 1519 1136 1561 constituentes
1171 1522 1441 1577 animatum,

52 1590 139 1635 hac
169 1588 346 1632 ratione
366 1586 582 1642 fingentes
607 1592 866 1640 utrumque.
898 1594 1029 1643 potus
1052 1587 1289 1636 transitum
1307 1621 1318 1638 ,
1350 1606 1440 1647 qua

53 1673 135 1717 per
174 1657 439 1717 pulmonem
482 1654 603 1712 potio
641 1654 722 1696 sub
750 1670 878 1696 rencs
913 1657 1127 1712 pervenit
1160 1655 1206 1697 in
1249 1658 1437 1701 veficam

53 1741 169 1782 quae
191 1741 289 1767 eam
307 1723 491 1782 suscipit
513 1723 705 1778 ae‘reque
725 1727 1015 1780 compreffam
1039 1739 1128 1765 una
1151 1723 1326 1778 emittit,
1339 1742 1442 1784 per-

55 1794 266 1837 sorarunt
284 1792 331 1834 in
355 1791 598 1835 medullam
625 1806 680 1832 ex
701 1792 846 1847 capite
862 1791 908 1832 in
929 1790 1147 1833 cervicem
1172 1800 1215 1834 et
1246 1808 1329 1848 per
1351 1794 1445 1851 spi-

56 1877 164 1905 nam
189 1869 489 1916 compactam,
522 1857 639 1916 quod
673 1857 856 1913 quidem
879 1861 1029 1900 semen
1059 1860 1105 1901 in
1129 1860 1334 1902 oratione
1364 1863 1443 1904 su-

56 1930 230 1988 periore
256 1928 478 1980 diximus3
512 1928 598 1970 hoc
621 1935 796 1976 autem,
830 1927 995 1985 quippe
1017 1927 1265 1970 animatum
1295 1936 1338 1971 et
1366 1946 1445 1972 re-

55 1999 253 2056 spirans,
287 1996 324 2038 ei
349 1997 462 2054 parti
484 2012 571 2053 qua
604 1995 791 2052 respirat
818 1994 1025 2037 effluendi
1056 1996 1236 2038 vitalem
1266 1997 1446 2054 cupidi-

56 2073 193 2109 tatem
216 2063 417 2106 iniiciens
435 2063 678 2121 generandi
697 2078 899 2105 amorem
923 2065 1196 2119 procreavit.
1235 2065 1447 2119 quocirca

55 2134 260 2177 virorum
290 2133 473 2189 quidem
508 2131 768 2187 genitalium
805 2139 967 2174 natura
1005 2132 1124 2175 haud
1157 2133 1368 2176 obediens
1401 2142 1448 2177 et

57 2202 318 2260 imperiosa,
345 2200 467 2242 velut
496 2199 661 2242 animal
699 2200 861 2242 rationi
894 2215 986 2242 non
1012 2217 1195 2259 parens,
1237 2202 1446 2245 omnibus

58 2286 145 2329 per
177 2268 442 2327 cupiditates
477 2266 664 2310 furiosas
700 2276 888 2310 conatur
923 2269 1080 2325 potiri;
1124 2278 1167 2311 et
1201 2270 1448 2314 mulierum

57 2352 239 2396 quoque
256 2336 424 2378 matrix
437 2344 482 2378 et
499 2336 639 2378 vulva
660 2350 774 2392 quae
795 2337 958 2380 dicitur
976 2337 1154 2380 easdem
1171 2336 1251 2379 has
1270 2338 1327 2380 ob
1347 2354 1447 2382 cau·

58 2408 149 2461 saS,
178 2420 319 2462 quum
346 2406 514 2448 animal
543 2406 594 2447 fit
614 2404 858 2448 liberorum
890 2406 1277 2462 procreandorum
1303 2422 1447 2465 appe-

57 2482 172 2527 tens,
195 2473 372 2530 quando
391 2471 542 2515 sterilis
562 2481 742 2530 praeter
765 2482 942 2532 tempus
966 2472 1129 2515 diutius
1152 2484 1318 2522 manet,
1351 2491 1447 2533 gra-

63 2542 180 2587 viter
198 2550 239 2584 et
258 2541 438 2596 indigue
457 2540 501 2582 id
521 2539 637 2592 fert,
670 2556 831 2598 vagans
858 2548 1001 2583 totum
1030 2556 1110 2598 per
1132 2557 1296 2599 corpus
1320 2543 1448 2599 spiri-

62 2619 222 2669 tusque
247 2616 419 2654 meatus
439 2608 686 2660 obstruens,
718 2617 759 2650 et
783 2609 1000 2665 respirare
1021 2623 1110 2651 non
1138 2611 1279 2654 fincns
1297 2612 1342 2654 in
1365 2626 1449 2653 au·

1080 2747 1165 2791 Sa
