1657 2876
636 84 958 127 TIMAEUS.
1401 78 1481 121 265

98 208 363 245 moveretur
394 199 556 254 vixque
588 205 927 238 converteret-ur
957 197 1002 237 in
1036 196 1174 238 venis.
1215 196 1329 237 hanc
1348 193 1481 250 igitur

96 272 353 327 potestatem
375 267 512 309 fibrae
530 271 716 307 naturae
737 266 1015 312 conservant,
1039 280 1146 318 quas
1167 266 1195 305 fi
1213 264 1324 320 quis,
1348 263 1478 306 etiam

98 330 303 381 vinorum
337 338 550 389 sanguine
577 342 706 388 atque
739 332 1028 388 refrigeratQ
1078 332 1192 373 inter
1223 333 1268 371 se
1289 331 1478 384 colligat,

95 408 294 463 reliquus
315 403 457 448 omnis
481 401 652 456 [anguis
674 400 959 452 diffunditur,
1002 400 1147 441 missae
1181 406 1328 441 autem
1346 398 1478 438 cele·-

95 475 207 515 riter
241 488 341 514 eum
376 485 477 511 cum
506 468 672 525 frigore
716 468 986 511 circumfuso
1017 466 1324 523 compingunt.
1365 465 1477 507 lianc

94 541 230 597 igitur
252 542 341 580 vim
359 551 499 592 quum
528 535 667 578 fibrae
693 537 884 580 habeant
903 537 949 578 in
968 535 1202 591 sanguiue,
1234 533 1332 575 bitis
1363 547 1475 588 quae

94 615 256 650 natura
277 606 468 646 vetustus
490 604 666 660 sanguis
688 606 776 648 fuit
796 606 1037 660 rursusque
1057 619 1077 644 c
1096 602 1302 644 carnibus
1321 602 1365 642 in
1396 601 1475 642 hoc

93 677 264 731 liquata
300 675 381 719 est.
414 673 554 715 calida
577 681 620 714 et
649 673 838 715 humida
869 673 1096 730 paullatim
1131 671 1327 727 primum
1363 669 1475 709 inci-

94 744 202 785 dens
222 741 524 798 compingitur
542 741 756 782 fibrarum
774 741 816 782 vi
835 742 1088 797 compress'a,
1110 746 1344 795 compacta
1367 751 1473 777 vero

93 820 136 853 et
171 810 213 852 vi
259 810 491 851 exstincta.
513 809 756 865 procellam
787 817 830 850 et
862 817 1104 851 tremorem
1145 807 1265 848 intus
1297 805 1474 846 excitat.

92 878 273 921 ubet-ior
291 886 441 919 autem
470 893 606 933 quum
631 877 792 926 affluit,
824 879 1010 935 proprio
1037 879 1114 918 suo
1134 877 1277 918 calore
1298 874 1476 930 superat

91 948 228 990 fibras
242 945 463 988 ebulliens
476 946 593 986 etita
615 945 815 987 concutit
834 954 883 986 ut
905 945 1234 1003 perturbentur,
1256 950 1300 984 et
1321 944 1347 984 fi
1372 958 1474 999 per-

92 1024 230 1074 petuo
258 1014 451 1069 potuerit
481 1016 712 1070 superare,
745 1013 797 1054 ad
830 1015 1049 1056 medullae
1078 1021 1316 1069 penetrans
1336 1026 1476 1067 genus

93 1083 268 1126 urendo
285 1082 415 1123 solvit
433 1083 534 1123 inde
552 1083 693 1124 animi
714 1091 944 1136 tamquam
968 1083 1095 1123 navis
1116 1081 1244 1122 lunes
1263 1079 1475 1122 liberum-

94 1168 182 1209 que
204 1150 365 1196 mittit,
408 1150 554 1191 minus
581 1159 731 1191 autem
765 1165 906 1204 quum
937 1149 1112 1205 copiosa
1142 1150 1199 1190 est
1226 1162 1476 1204 corpusque

92 1220 240 1264 refistit
264 1232 320 1258 ne
347 1216 569 1271 liquetur,
600 1218 691 1273 ipsa
716 1219 919 1273 superata
940 1225 1018 1258 aut:
1036 1231 1118 1273 per
1146 1225 1289 1258 totum
1313 1231 1475 1273 corpus

94 1287 359 1343 expellitur,
402 1292 479 1325 aut
507 1299 586 1341 per
619 1299 752 1327 venas
792 1286 840 1326 iu
870 1292 1075 1328 ventrem
1106 1284 1368 1327 inferiorem
1403 1284 1475 1325 vel

93 1354 374 1411 superiorem
407 1352 639 1400 contrusa,
679 1360 911 1408 tamquam
948 1354 1072 1395 exsul
1099 1369 1123 1394 e
1151 1352 1328 1394 civitate
1360 1352 1476 1393 sedi-

93 1424 202 1465 tiosa
236 1436 261 1461 e
294 1435 482 1476 corpore
510 1419 674 1471 eiecta,
714 1420 965 1476 profluvia,
1008 1421 1147 1462 malos
1171 1420 1476 1462 intestinorum

93 1491 273 1533 habitus
294 1502 541 1542 omnesque
571 1488 832 1529 huiusmodi
860 1488 1044 1529 morbos
1065 1488 1216 1531 infert.
1256 1498 1298 1530 et
1317 1503 1477 1545 corpus

96 1558 278 1615 quidem
299 1570 356 1597 ex
377 1558 478 1612 igne
497 1555 637 1597 nimio
666 1557 862 1598 maxime
884 1564 1115 1610 aegrotans
1137 1556 1370 1597 continuos
1399 1570 1478 1597 ca·-

94 1629 212 1670 tores
245 1632 290 1683 et
311 1624 458 1666 febres
493 1623 698 1674 exhibet,
732 1639 785 1665 ex
808 1624 910 1665 a'e're
933 1623 1072 1664 nimio
1103 1633 1338 1678 aegrotans
1363 1640 1478 1680 quo-

94 1695 307 1746 iidianas,
339 1706 394 1732 ex
418 1706 533 1747 aqua
557 1691 791 1744 tertianas,
823 1700 1062 1748 propterea
1084 1692 1204 1748 quod
1225 1692 1399 1747 segnior
1422 1693 1479 1734 est

97 1764 200 1806 aere
221 1771 264 1804 et
283 1761 408 1817 igne3
442 1774 465 1799 e
494 1767 615 1800 terra
634 1774 744 1800 vero
773 1761 803 1800 fi
834 1767 1056 1816 aegrotat,
1088 1775 1202 1815 quae
1224 1760 1477 1816 quadruplo

95 1831 272 1887 segnior
301 1830 359 1870 est
378 1827 490 1879 illis,
519 1827 568 1870 in
586 1825 950 1882 quadruplicibus
985 1827 1198 1884 temporis
1220 1827 1478 1870 circuitibus

93 1897 393 1958 prosternitur
415 1895 653 1952 febresque
674 1895 810 1938 efficit
836 1904 1072 1954 quartanas
1089 1912 1116 1940 a
1141 1895 1299 1954 quibus
1323 1896 1400 1940 vix
1419 1895 1481 1937 li-

97 1969 294 2010 beratur.

211 2104 270 2146 Et
291 2100 492 2158 corporis
513 2102 696 2157 quidem
719 2102 864 2146 morbi
893 2103 952 2146 ita
973 2104 1112 2146 solent
1134 2103 1353 2154 accidere,
1383 2101 1482 2143 ani-

101 2172 165 2216 mi
187 2186 294 2212 vero
320 2185 344 2210 e
365 2171 563 2227 corporis
590 2172 743 2213 habitu
771 2173 826 2214 fic
847 2174 1064 2223 exfistunt.
1104 2172 1312 2214 morbum
1344 2170 1482 2224 igitur

103 2239 241 2282 animi
262 2239 533 2280 dementiam
554 2243 635 2282 effe
667 2238 924 2290 fatendum,
954 2241 1042 2282 duo
1060 2248 1209 2282 autem
1232 2237 1484 2281 dementiae

78 2314 289 2367 'genera‚
326 2306 543 2349 insaniam
574 2322 739 2359 unum,
783 2309 975 2351 alterum
1010 2308 1318 2366 insipientiam.
1372 2320 1484 2362 quo-

106 2376 441 2430 modocumque
471 2375 607 2431 igitur
639 2376 858 2433 quispiam
884 2376 1065 2418 affectus
1086 2378 1354 2419 alterutrum
1385 2374 1487 2415 illo-

109 2460 208 2489 rum
230 2443 384 2492 habet,
416 2442 599 2484 morbus
627 2443 736 2484 haec
757 2443 931 2486 affectio
963 2446 1237 2502 appellanda.
1279 2443 1488 2499 volupta-

109 2522 175 2555 tes
203 2527 310 2554 vero
343 2517 386 2552 et
413 2510 586 2552 dolores
620 2511 820 2553 effrenati
850 2512 1035 2553 maximi
1067 2514 1206 2555 animi
1230 2511 1374 2554 morbi
1407 2524 1491 2567 po-

110 2581 268 2629 nendi;
316 2580 452 2622 homo
479 2578 598 2621 enim
633 2578 798 2622 laetitia
828 2580 1047 2623 exsultans
1078 2583 1148 2624 vel
1180 2582 1315 2624 etiam
1345 2584 1494 2621 contra
