1657 2876
591 141 930 187 TIMAEUS.
1376 144 1458 189 161

74 264 175 308 dem
198 263 315 308 adiis
330 260 437 304 ortis
459 257 724 308 tribuamus,
755 270 1029 312 quamquam
1053 272 1137 301 nec
1153 258 1458 316 probabilibus

71 333 320 375 rationibus
346 345 426 372 nec
445 326 690 370 necessariis
712 325 984 380 argumentis
1002 340 1158 368 eorum
1183 328 1325 369 oratio
1343 345 1455 371 con..

68 400 298 447 firmatur,
338 398 433 450 sed,
465 396 567 452 quia
591 395 646 437 de
678 392 764 434 suis
789 392 979 450 propriis
1012 393 1146 436 rebus
1172 411 1279 450 prae
1307 397 1349 437 se
1380 397 1452 438 fe-

62 478 169 511 runt
204 468 485 517 renunciare,
526 464 612 519 legi
644 462 1001 518 obtemperantes
1026 461 1158 503 tidem
1186 478 1263 505 nos
1285 464 1453 507 habere

63 544 253 592 oportet.
292 536 346 576 fic
378 533 537 589 igitur,
568 540 617 574 ut
644 530 698 574 ab
723 531 777 571 iis
804 529 1017 572 traditum
1039 531 1118 581 est,
1152 530 1314 572 horum
1340 534 1452 574 deo-

61 618 165 646 rum
200 611 321 644 ortus
358 605 400 643 se
431 603 593 643 habeat
629 608 761 654 atque
789 598 978 640 dicatur.
1039 599 1208 640 Terrae
1239 599 1450 657 Cae-lique

60 671 187 714 liberi
209 670 309 711 sunt
332 673 534 712 Oceanus
557 677 600 710 et
623 668 813 724 Tethys,
844 667 1004 708 horum
1034 667 1250 723 Phorcys,
1284 667 1450 712 Satur-

61 755 146 782 nus
166 749 209 781 et.
227 740 352 783 Rhea
374 748 412 781 et
437 738 705 794 quicumque
726 752 827 778 cum
853 735 941 787 his,
976 751 1000 777 e
1020 734 1217 778 Saturno
1247 744 1289 777 et
1319 738 1447 781 Rhea

58 807 151 850 nati
184 808 284 849 sunt
304 808 533 864 luppiter,
566 809 678 847 Iuno
711 818 956 860 omnesque
975 818 1083 859 quos
1103 804 1264 846 scimus
1287 820 1444 849 eorum

56 874 215 918 fratres
235 875 465 933 appellari,
497 875 689 929 aliosque
717 881 947 930 praeterea
967 871 1020 914 ab
1045 871 1110 912 his
1129 873 1357 917 oriundos.

171 946 327 1001 Quum
356 944 493 998 igitur
519 957 673 984 omnes
705 941 780 997 qui
806 942 954 998 palam
988 942 1231 984 volvuntur
1254 943 1297 984 in
1321 944 1443 986 caelo

53 1019 99 1053 et
119 1013 196 1067 qui
226 1020 409 1053 eatenus
436 1013 480 1054 in
509 1013 790 1067 conspectum
817 1012 858 1051 se
877 1012 984 1052 dunt
1012 1011 1155 1067 quoad
1176 1011 1256 1067 ipfi
1283 1013 1443 1054 volunt

52 1080 128 1125 dii,
142 1083 279 1121 creati
294 1081 442 1126 effent,
457 1081 489 1122 is
501 1080 574 1136 qui
590 1079 726 1120 hocce
743 1078 996 1120 universum
1010 1079 1162 1135 genuit
1176 1079 1285 1122 haec
1299 1080 1351 1121 ad
1367 1095 1441 1122 eos

48 1148 203 1191 iatur:
236 1149 309 1190 Dii
329 1164 353 1188 a
375 1148 458 1189 (liis
483 1148 592 1189 orti:
625 1162 812 1203 quorum
841 1162 920 1203 ego
941 1163 1126 1203 operum
1150 1146 1335 1188 effector
1359 1162 1441 1204 pa·-

48 1230 258 1269 rensque‚
292 1216 399 1257 haec
420 1216 517 1257 sunt
539 1215 854 1257 indissolubilia
877 1231 946 1256 me
965 1216 1122 1257 invito.
1158 1215 1320 1256 etenim
1336 1232 1439 1258 om-

47 1299 106 1326 ne
139 1284 316 1339 quidem
341 1283 596 1339 colligatum
629 1285 686 1324 est
712 1283 991 1333 dissolubile,
1017 1283 1245 1339 praeclare
1283 1293 1439 1326 tamen

48 1354 335 1408 compotitum
362 1351 556 1407 beneque
577 1353 860 1393 constitutum
890 1352 1004 1393 velle
1024 1351 1260 1393 dissolvere
1289 1351 1437 1393 haud-

45 1434 271 1476 quaquam
300 1419 401 1460 boni
421 1419 491 1462 est.
525 1428 800 1478 quapropter
813 1435 890 1462 vos
908 1435 1098 1475 quoque,
1117 1422 1330 1475 quoniam
1356 1436 1435 1462 or·-

44 1489 80 1529 ti
103 1488 208 1535 estis,
242 1488 519 1529 immortales
544 1490 721 1542 quidem
752 1505 841 1530 uon
864 1489 957 1529 estis
980 1503 1125 1543 neque
1146 1489 1435 1531 indisolubi-

44 1554 108 1597 lea
143 1555 352 1602 Funditus,
386 1555 645 1612 neutiquam
663 1567 812 1600 tamen
827 1547 1293 1613 dissolveminineque
1308 1574 1436 1600 mor-

44 1625 99 1664 tis
122 1622 213 1666 fata
246 1624 369 1666 vobis
393 1625 649 1680 obtingent,
681 1625 844 1683 quippe
866 1625 1141 1667 voluntatem
1164 1640 1310 1667 meam
1332 1642 1434 1668 ma-

42 1693 113 1734 ins
155 1694 285 1735 etiam
332 1694 562 1735 vinculum
594 1687 727 1748 atqle
766 1693 983 1735 valentius
1016 1693 1154 1734 nactis
1187 1709 1318 1750 quam
1356 1695 1434 1738 illa

44 1761 206 1817 quibus
238 1763 330 1803 estis
354 1771 448 1803 tum
470 1776 607 1817 quum
634 1761 934 1817 gignebamini
965 1761 1170 1817 colligati.
1205 1777 1327 1803 nunc
1353 1764 1433 1819 igi-

45 1837 118 1871 tur
154 1830 258 1884 quid
297 1831 439 1872 dicam
472 1829 598 1870 vobis
630 1845 681 1870 ac
711 1829 931 1870 declarem
964 1829 1191 1885 percipite.
1224 1833 1430 1875 mortalia.

41 1898 190 1940 adhuc
221 1914 383 1955 genera
412 1898 584 1954 reliqua
616 1899 718 1939 suut
736 1897 821 1938 tria
842 1898 1043 1939 nondum
1071 1905 1238 1948 creata,
1270 1900 1429 1956 quibus

42 1982 133 2009 non
156 1968 374 2024 generatis
397 1968 569 2008 caelum
593 1982 682 2008 non
712 1967 794 2007 erit
816 1965 1098 2022 perfectum3
1133 1968 1283 2009 onmia
1307 1969 1429 2012 enim

40 2048 203 2090 genera
226 2036 488 2079 animalium
519 2036 806 2091 complexum
828 2050 917 2076 non
939 2035 1131 2084 tenebit;
1164 2044 1315 2078 teneat
1343 2053 1429 2079 au-

40 2111 131 2146 tem
153 2112 353 2162 oportet,
385 2106 414 2145 fi
451 2106 552 2147 satis
588 2104 794 2146 futurum
825 2105 882 2145 est
916 2104 1165 2146 absolutum
1199 2113 1243 2145 et
1273 2105 1427 2161 perfe-

41 2180 185 2221 ctum;
229 2189 252 2214 a
274 2188 345 2215 me
375 2182 524 2216 autem
553 2174 664 2215 haec
691 2172 843 2215 effecta
874 2173 1109 2228 vitamque
1130 2174 1283 2230 adepta
1319 2174 1425 2217 deos

41 2239 404 2297 aequiparabunt.
443 2242 647 2299 utigitur
677 2241 884 2284 mortalia
912 2249 1185 2295 generentur
1215 2250 1259 2283 et
1287 2242 1425 2284 haec-

39 2323 90 2349 ce
122 2309 378 2351 univerfitas
409 2326 516 2351 vere
547 2312 594 2352 fit
623 2310 850 2362 universa,
883 2310 1135 2351 convertite
1159 2325 1233 2351 vos
1255 2326 1309 2352 ex
1331 2311 1423 2367 ipsa

38 2384 226 2417 naturae
256 2377 428 2418 ratione
463 2378 514 2419 ad
538 2379 832 2420 animantium
858 2377 1203 2427 confectionem,
1235 2378 1424 2420 imitan-

39 2450 104 2484 tes
135 2444 223 2485 vim
254 2459 396 2486 meam
429 2461 516 2500 qua
550 2447 596 2488 in
626 2449 770 2489 vestro
801 2455 900 2489 ortu
935 2447 1035 2488 usus
1059 2446 1169 2489 sum.
1212 2454 1254 2487 et
1277 2448 1423 2503 quod-

40 2525 232 2566 cumque
255 2528 410 2554 eorum
436 2515 751 2557 immortalium
777 2516 894 2570 quali
912 2514 1072 2571 gentile
1094 2517 1176 2557 effe
1200 2515 1344 2560 debet.
1373 2523 1422 2556 ut

38 2578 238 2621 divinum
259 2582 508 2636 appelletur
529 2590 761 2638 teneatque
781 2582 1074 2624 animantium
1101 2583 1420 2640 principatum,

38 2647 204 2705 quippe
225 2665 282 2690 ex
304 2651 482 2694 illorum
517 2666 708 2695 numero
730 2651 806 2708 qui
826 2652 999 2707 temper
1018 2650 1206 2695 iustitiae
1227 2667 1276 2694 ac
1297 2650 1418 2694 vobis

98 2717 208 2760 Tom.
245 2717 295 2760 V.
1099 2719 1134 2763 L
