1657 2876
561 153 901 198 TIMAEUS.
1339 164 1418 206 ¹87

37 269 328 319 evanescens,
358 267 566 325 opinione
589 274 627 307 et
654 268 775 307 sensu
798 267 1295 323 comprehendendum;
1328 278 1423 313 ter-

37 337 152 379 tium
177 352 311 394 porro
331 351 465 393 genus
486 333 611 392 spatii
634 335 861 389 cuiusque,
885 334 1115 378 interitum
1143 353 1226 379 nou
1256 339 1424 380 admit-

38 412 161 455 tens,
189 406 332 447 sedem
355 402 573 460 praebens
593 418 903 459 quaecumque
921 409 1066 444 ortum
1089 404 1254 446 habent
1274 407 1426 448 omni-

38 473 149 525 bus,
182 475 320 530 ipsum
358 485 465 511 vero
492 470 550 512 ita
574 480 910 530 comparatum,
943 478 993 511 ut
1021 472 1142 514 nullo
1170 474 1293 514 sensu
1315 490 1444 531 per-.

38 549 215 599 ceptum
240 547 445 595 tangatur
468 541 809 584 ratiocinatione
831 539 1020 595 quadam
1042 541 1310 591 adulterina,
1334 545 1424 584 vix-

38 624 126 665 que
152 615 323 649 certum
359 610 429 655 fii,
460 609 576 663 quod
608 610 739 651 etiam
770 611 987 651 intuentes
1018 608 1292 651 somniamus
1315 610 1426 652 dici-

37 689 228 730 musque
252 678 490 719 necessario
525 693 656 720 omne
681 679 799 735 quod
831 679 877 719 fit
904 678 949 718 in
972 677 1069 718 loco
1093 678 1244 731 aliquo
1277 681 1358 720 effe
1383 687 1427 720 et

36 742 185 784 sedem
216 743 411 799 aliquam
446 754 623 793 tenere,
655 746 772 801 quod
812 760 918 786 vero
948 759 1092 801 neque
1121 746 1169 786 in
1201 753 1321 788 terra
1345 762 1428 788 ne-

37 824 124 866 que
145 810 188 852 in
209 813 329 854 caelo
364 828 549 868 usquam
585 815 631 855 fit
665 813 705 854 id
736 814 844 855 nihil
865 816 961 855 effe.
993 813 1100 856 haec
1120 813 1255 868 igitur
1275 815 1428 855 omnia

36 877 194 933 hisque
213 880 386 932 fimilia,
421 883 553 923 etiam
578 882 694 938 quod
721 883 773 924 ad
798 890 1001 923 naturam
1028 882 1270 926 insomnem
1299 898 1429 923 vere-

37 961 124 1002 que
155 949 393 990 exstantem
423 951 605 1001 attinet,
647 966 754 1006 prae
785 951 954 992 somnio
985 950 1060 991 ilio
1086 965 1176 992 non
1203 953 1429 1006 possumus

39 1017 288 1068 experrecti
321 1018 586 1073 distinguere
618 1034 868 1075 verumque
897 1018 1069 1071 dicere3
1111 1034 1215 1060 nam
1249 1018 1432 1074 imagini

39 1082 248 1137 quidem,
280 1087 491 1140 quoniam
516 1086 717 1142 idipsum
741 1087 869 1127 euius
899 1087 1027 1127 causa
1049 1086 1213 1128 exstitit
1242 1102 1330 1127 non
1356 1086 1432 1143 ip-

40 1151 123 1192 sius
155 1153 233 1201 est,
274 1154 344 1194 sed
383 1155 494 1195 alius
523 1154 768 1210 cuiuspiam
800 1153 945 1195 fertur
981 1155 1292 1205 simulacrum,
1330 1154 1431 1196 ideo

41 1221 253 1261 convenit
274 1231 326 1264 ut
349 1223 392 1263 in
422 1223 508 1263 alio
539 1223 732 1277 quodam
756 1224 827 1274 fit,
860 1223 1083 1263 effentiam
1114 1223 1264 1277 aliquo
1294 1224 1432 1264 modo

41 1288 283 1344 usurpans,
313 1299 389 1332 aut
420 1291 530 1332 nihil
561 1291 613 1332 fit
634 1291 846 1342 omnino,
876 1298 918 1330 at
943 1305 1045 1331 vero
1069 1290 1107 1330 ei
1135 1290 1249 1345 quod
1278 1305 1433 1332 revera

42 1357 100 1397 est
120 1356 385 1413 suffragatur
404 1373 516 1413 quae
546 1366 700 1400 exacte
718 1373 825 1399 vera
848 1358 904 1398 est
925 1358 1054 1406 ratio,
1075 1358 1255 1404 docens,
1273 1372 1424 1409 quam-

42 1425 117 1466 diu
141 1441 281 1467 unum
304 1426 421 1468 aliud
448 1429 493 1468 fit
513 1435 556 1468 et
578 1428 768 1468 alterum
789 1425 908 1468 aliud
924 1457 936 1475 ,
967 1435 1181 1467 neutrum
1203 1424 1249 1465 in
1271 1432 1432 1466 neutro

41 1507 258 1548 umquam
273 1494 473 1548 genitum
492 1510 633 1536 unum
648 1495 775 1535 fimul
796 1495 911 1535 idem
936 1506 978 1534 et
994 1494 1081 1535 duo
1105 1494 1211 1535 fore.
1233 1492 1431 1548 haecigi-

42 1569 119 1602 tur
130 1562 241 1603 ratio
255 1577 308 1603 ex
324 1563 535 1603 sententia
554 1577 654 1603 mea
669 1562 869 1603 conclusa
882 1562 934 1602 ad
955 1562 1174 1602 summam
1191 1562 1321 1618 pofita
1335 1563 1433 1613 esto,

45 1631 267 1672 effentiam
296 1637 339 1671 et
360 1630 548 1687 spatium
585 1640 627 1671 et
661 1637 812 1670 ortum
833 1633 935 1683 esse⁷
966 1629 1052 1670 tria
1082 1628 1327 1681 trifariam,
1358 1645 1435 1670 ea-

45 1709 133 1751 que
161 1705 397 1750 anlequam
429 1700 601 1740 caelum
639 1697 874 1742 exstiterim
919 1705 1041 1739 ortus
1075 1712 1179 1739 vero
1211 1698 1434 1739 nutricem

45 1765 343 1807 madefactam
367 1775 411 1808 et
442 1768 765 1809 inflammatam
795 1773 836 1806 et
870 1773 1017 1807 terrae
1037 1765 1237 1820 aerisque
1262 1765 1435 1807 formas

47 1833 334 1890 accipiemem
357 1843 401 1876 et
419 1848 727 1890 quaecumque
750 1833 834 1874 alia
857 1848 958 1875 cum
981 1833 1048 1875 his
1071 1833 1310 1875 coniuncta
1334 1835 1438 1874 sunt

46 1903 290 1960 patientem
306 1902 470 1945 variam
498 1903 678 1958 quidem
704 1902 913 1957 adspectu
941 1901 1346 1958 videri,propterea
1359 1917 1436 1943 au-

48 1965 141 2013 tem
175 1970 292 2027 quod
322 1986 465 2025 neque
498 1970 714 2013 fimilibus
745 1969 919 2012 viribus
943 1984 1089 2023 neque
1120 1969 1440 2026 aequilibribus

49 2039 232 2094 impleta
252 2041 314 2092 fit,
335 2041 503 2081 nullam
530 2040 570 2080 in
592 2046 763 2096 partem
780 2037 1069 2093 aequilibrem
1096 2041 1193 2087 effe,
1217 2038 1287 2079 sed
1310 2038 1439 2079 inae-

52 2110 242 2165 qualiter
273 2110 315 2151 in
351 2123 504 2150 omnes
526 2116 671 2165 partes
691 2109 983 2151 fluctuantem
1007 2105 1186 2147 concuti
1216 2106 1352 2162 ipsam
1383 2105 1438 2147 ab

52 2176 162 2228 illis,
202 2178 444 2232 rursusque
476 2178 681 2232 agitatam
714 2177 808 2218 illas
838 2181 1097 2224 concutere,
1138 2174 1298 2229 agitata
1331 2189 1438 2215 vero

54 2245 139 2286 alia
170 2244 256 2286 alio
284 2246 458 2304 semper
490 2245 599 2287 ferri
631 2245 874 2294 disiuncta,
917 2242 1295 2298 quemadmodum
1327 2255 1440 2298 quae

56 2328 81 2354 a
104 2312 261 2355 cribris
283 2321 326 2354 ot
353 2313 650 2355 instrumentis
672 2313 899 2355 frumento
923 2308 1221 2369 'depurgando
1239 2309 1442 2351 servien-

56 2380 175 2422 tibus
206 2382 526 2423 concutiuntur
555 2390 598 2422 et
632 2383 905 2424 ventilantur
937 2380 1069 2421 dmsa
1105 2387 1147 2420 et
1174 2378 1327 2434 gravia
1353 2377 1440 2418 alio

55 2447 285 2499 feruntur,
324 2464 425 2491 rara
454 2465 564 2491 vero
595 2458 636 2491 et
662 2451 777 2492 levia
806 2451 890 2491 alio
922 2447 1153 2489 confidunt
1180 2448 1303 2489 loco:
1344 2453 1438 2486 tum

56 2516 116 2559 ita
146 2524 358 2572 quattuor
391 2532 553 2574 genera
579 2522 781 2563 concussa
811 2535 837 2561 a
866 2517 1173 2576 receptaculo,
1216 2521 1440 2558 commoto
