1657 2876
690 165 999 210 CRITIAS.
1452 163 1535 208 285

146 299 228 326 nos
247 282 540 340 percipientes
563 278 772 334 quicquid
800 279 1156 336 praetermissum
1181 279 1320 322 fuerit
1353 287 1537 338 propter

148 351 515 394 contubernalem
539 347 637 389 fere
670 356 1025 404 perpetuamque
1053 349 1216 390 harum
1244 364 1400 390 rerum
1431 364 1536 391 con-

148 421 461 463 fiderationem
495 416 692 458 difficiles
725 415 911 472 reperiri
944 417 1110 458 iudices
1139 417 1184 458 in
1208 432 1312 460 enm
1337 419 1412 473 qui
1444 432 1539 460 non

148 505 304 532 omnes
341 486 524 529 omnino
560 485 870 528 similitudines
914 485 1185 527 exhibuerit.
1241 487 1364 528 idem
1403 486 1540 542 igitur

148 559 281 601 etiam
304 557 350 598 in
371 553 645 598 orationibus
675 554 872 595 accidere.
903 553 1248 610 intelligendum
1278 556 1362 604 οὓς
1396 555 1539 596 caele-

147 628 222 671 flia
243 629 361 668 enim
384 632 427 665 et
451 623 599 665 divina
631 623 763 663 etiam
787 624 813 663 fi
837 624 1089 679 paullulum
1117 624 1170 664 ad
1195 623 1539 666 verifimilitudi-

147 709 251 737 nem
281 702 568 747 exponuntur
594 689 695 732 satis
729 691 968 739 hahemus,
1001 693 1214 733 mortalia
1235 707 1349 733 vero
1382 701 1425 734 et
1449 691 1541 733 hu—

147 777 281 805 mana
311 761 547 816 diligenter
580 760 880 816 exploramus.
912 760 1057 801 subito
1078 761 1215 815 igitur
1234 776 1355 803 nunc
1384 761 1542 803 dicens

147 840 214 874 tes
235 833 261 872 fi
285 832 327 871 id
351 827 466 886 quod
490 827 702 868 convenit
724 842 813 867 non
833 830 1113 880 potuerimus
1131 831 1312 887 prorsus
1335 830 1542 880 reddere,

148 900 317 956 ignosci
347 904 551 954 oportetg
582 910 731 951 neque
765 898 883 938 enim
911 897 1058 939 facilia
1089 903 1173 941 effe
1204 899 1436 952 mortalia,
1468 897 1542 940 sed

152 967 349 1010 difficilia
383 966 436 1007 ad
479 964 736 1022 opinionem
775 967 978 1022 exprell'u
1015 967 1302 1022 cogitandum
1334 969 1404 1009 est.
1456 967 1543 1009 hoc

149 1036 290 1093 igitur
311 1044 360 1077 ut
383 1049 459 1076 vos
481 1034 771 1075 admonerem
794 1042 837 1075 et
858 1036 1037 1076 veniam
1069 1050 1162 1076 non
1187 1036 1411 1077 minorem
1427 1068 1437 1087 ,
1468 1037 1544 1078 sed

151 1106 368 1147 maiorem
401 1110 603 1160 peterem
638 1103 691 1144 de
719 1102 770 1143 iis
798 1117 910 1156 quae
936 1105 1196 1160 prolaturus
1225 1108 1357 1146 effe-m
1394 1106 1546 1147 omnia

151 1174 262 1217 haec
295 1172 413 1224 dixi,
446 1170 644 1214 Socrate.
680 1170 772 1214 iam
804 1172 835 1212 li
865 1172 962 1215 iure
981 1181 1136 1230 petere
1167 1173 1324 1214 videor
1355 1172 1544 1227 donum,

153 1244 272 1284 ultro
302 1240 412 1281 mihi
446 1240 563 1281 date.

268 1308 342 1351 So.
375 1308 547 1365 Quidni
578 1308 792 1361 velimus,
835 1308 1002 1361 Critia,
1044 1309 1121 1351 tibi
1156 1309 1298 1352 dare?
1337 1318 1380 1352 et
1410 1325 1548 1367 prae·—

155 1387 276 1421 terea
305 1391 484 1432 quoque
514 1375 646 1416 tertio
682 1375 837 1418 datum
869 1378 926 1417 est
954 1379 1071 1419 idem
1110 1378 1193 1420 hoc
1214 1380 1498 1421 Hermocrati
1522 1394 1549 1421 a

155 1445 306 1496 nobi53
347 1458 438 1484 non
470 1443 591 1484 enim
622 1443 806 1485 dubium
843 1446 900 1486 est
928 1446 1035 1502 quin
1067 1447 1215 1503 paullo
1243 1448 1361 1505 post,
1405 1462 1550 1502 quum

158 1512 413 1572 oportuerit
433 1527 536 1553 eum
563 1511 734 1559 dicere,
757 1512 974 1568 petiturus
997 1515 1044 1555 fit
1064 1517 1182 1568 quod
1203 1529 1306 1567 vos;
1339 1523 1390 1556 ut
1410 1516 1550 1572 igitur

157 1582 279 1626 aliud
301 1580 538 1623 exordium
563 1579 711 1636 capiat
732 1595 814 1622 nec
843 1580 961 1622 idem
982 1590 1165 1637 cogatur
1183 1583 1414 1638 proferre,
1445 1585 1553 1627 scito·

157 1651 336 1694 veniam
365 1648 405 1690 ei
433 1648 522 1691 iam
547 1648 696 1689 datam
717 1652 801 1690 esse
826 1657 869 1691 et
894 1651 952 1690 ita
975 1649 1120 1693 dicito,
1153 1651 1362 1707 praedico
1380 1660 1553 1706 tamen,

158 1735 260 1763 care
289 1717 454 1768 Critia,
485 1715 566 1757 tibi
600 1716 764 1758 theatri
796 1717 1089 1771 sententiam,
1130 1719 1327 1776 priorem
1364 1722 1551 1777 poetam

160 1788 373 1831 eximiam
391 1787 439 1828 in
460 1800 512 1827 eo
531 1785 713 1841 gloriam
743 1786 1070 1843 consequutum
1093 1790 1200 1836 esse;
1223 1789 1432 1843 quocirca
1453 1806 1553 1846 per-

160 1872 323 1914 magna
350 1855 431 1897 tibi
470 1869 580 1912 opus
613 1855 698 1896 erit
728 1854 885 1904 venia,
917 1863 965 1897 ut
995 1856 1076 1898 has
1105 1865 1254 1914 partes
1289 1859 1423 1915 possis
1458 1859 1553 1901 sus-

164 1928 327 1986 cipere.

278 1992 393 2036 Her.
432 1992 555 2035 Idem
599 2006 730 2042 vero,
770 1990 972 2045 Socrate,
1011 1993 1124 2035 mihi
1153 1994 1400 2036 denuncias
1435 1994 1554 2051 quod

163 2065 286 2109 huic.
325 2070 525 2104 attamen
553 2062 834 2120 desperantes
866 2062 955 2103 viri
974 2063 1174 2104 nondum
1202 2071 1439 2120 tropaeum
1470 2064 1559 2104 sta-

165 2139 375 2183 tuerunt,
417 2130 579 2182 Critia3
619 2131 798 2186 aggredi
827 2131 961 2186 igitur
995 2132 1048 2173 ad
1079 2132 1325 2173 orationem
1362 2131 1556 2173 viriliter

166 2210 212 2245 te
233 2207 430 2258 oportet,
465 2207 507 2240 et
532 2200 742 2255 Apolline
763 2200 988 2255 Mufisque
1007 2200 1223 2243 invocatis
1244 2200 1414 2258 priscos
1437 2199 1558 2242 cives

167 2268 366 2328 egregios
391 2268 620 2310 ostendere
642 2277 773 2324 atque
796 2268 1035 2311 celebrare.

191 2391 194 2395 ι
284 2337 395 2380 Crit.
428 2338 467 2379 Ο
498 2352 599 2379 care
627 2338 963 2387 Hermocrates‚
995 2336 1098 2392 quia
1129 2337 1178 2379 in
1205 2337 1448 2394 posteriore
1476 2351 1558 2378 or·-

169 2406 273 2450 dine
296 2406 534 2448 collocatus
559 2421 602 2447 es
625 2414 668 2447 et
695 2405 834 2448 alium
863 2414 966 2446 ante
995 2413 1038 2446 te
1067 2404 1232 2457 habes,
1271 2406 1422 2447 adhuc
1443 2419 1560 2445 con-

169 2475 282 2519 fidis.
315 2482 358 2515 et
379 2474 466 2516 hoc
484 2474 667 2527 quidem
689 2475 820 2530 quale
839 2476 911 2527 fit,
943 2490 1011 2516 res
1042 2473 1134 2529 ipsa
1164 2473 1243 2515 tibi
1270 2489 1382 2516 mox
1409 2473 1559 2514 decla-

171 2543 312 2595 rabit3
352 2541 610 2584 adhortanti
644 2558 751 2585 vero
789 2542 867 2584 tibi
904 2549 1038 2597 atque
1074 2542 1286 2584 excitanti
1324 2542 1559 2597 obtempe-

173 2610 395 2665 randum,
427 2616 471 2652 et
486 2617 664 2667 praeter
689 2625 763 2652 eos
794 2624 905 2667 quos
929 2609 1071 2653 dixisti
1104 2611 1208 2654 deos
1235 2610 1396 2667 reliqui
1424 2610 1560 2655 invo-
