1657 2876
583 84 920 128 TIMAEUS.
1360 85 1439 130 261

56 211 140 253 per
170 211 306 239 venas
337 206 485 240 autem
519 197 721 240 traiectus
758 211 933 251 unaque
960 212 1031 240 eas
1061 197 1366 255 circumagens
1397 208 1441 243 et

53 265 343 322 liquefaciens
373 280 531 321 corpus
558 265 603 305 in
634 264 780 305 medio
822 265 906 306 hoc
939 272 981 306 et
1011 267 1128 319 septo
1163 266 1438 319 includitur,-

53 341 96 375 et
116 334 465 376 innumerabiles
484 333 620 375 exhis
644 331 787 373 morbi
811 332 957 374 acerbi
982 335 1126 375 multo
1150 350 1250 375 curn
1278 337 1435 377 sudore

52 403 270 445 exsistunt.
310 404 439 457 saepe
467 415 568 442 vero
599 401 643 442 in
685 413 871 457 corpore
901 402 1065 443 secreta
1094 417 1226 444 carne
1259 403 1433 456 spiritus

52 472 258 512 exoriens
279 470 356 525 qui
376 470 526 525 egredi
559 459 710 526 nequit
743 468 918 510 eosdem
941 484 1050 524 quos
1079 469 1152 526 qui
1184 470 1434 526 ingreditur

50 538 224 581 dolores
253 547 393 588 creat,
437 539 654 580 maximos
685 553 812 586 vero,
844 538 1020 593 quando
1051 538 1203 580 nervis
1232 547 1275 580 et
1309 540 1431 581 venis

49 608 133 649 hac
162 609 209 648 in
234 614 361 662 parte
381 606 647 648 exstantibus
677 605 969 648 circumfusus
993 614 1037 647 et
1057 607 1347 649 intumescens
1375 609 1431 648 ti-

45 675 222 730 gamina
253 689 498 731 nervosque
518 674 750 716 continuos
784 674 844 715 ita
873 675 919 715 in
941 682 1113 730 partem
1142 677 1429 731 posteriorem

44 743 278 794 distend113
320 744 395 798 qui
429 742 610 799 quidem
648 743 791 784 morbi
823 742 876 783 ab
909 742 1001 797 ipsa
1032 743 1286 786 intentionis
1316 744 1425 785 affe-

45 813 195 854 ctione
224 813 436 853 tensiones
467 814 651 864 (τετανοί
681 819 724 853 et
751 809 1040 866 ὄπισθότονοι)
1071 813 1291 854 nominati
1312 814 1425 855 suut.

42 896 237 937 quorum
262 880 396 922 etiam
418 880 667 921 remedium
691 878 890 926 difficile;
917 878 1059 921 febres
1080 882 1196 923 enim
1223 882 1427 921 exfistm-

41 958 105 992 tes
130 950 242 991 tales
265 948 462 990 maxime
479 949 672 989 solvunt.
704 948 803 989 alba
823 963 932 988 vero
953 948 1107 1003 pituita
1128 958 1312 1007 propter
1331 949 1425 991 but-

40 1019 188 1060 larum
208 1017 412 1072 spiritum
441 1016 727 1057 interclusum
753 1015 968 1068 difficilis,
1011 1025 1138 1059 extra
1168 1034 1326 1074 corpus
1350 1034 1426 1059 au-

41 1094 130 1127 tem
159 1087 188 1126 fi
218 1084 532 1139 respirationes
565 1084 717 1133 habet,
760 1085 910 1126 mitior
939 1085 1120 1140 quidem
1152 1088 1232 1130 est.
1263 1100 1424 1142 corpus

39 1169 151 1196 vero
175 1153 399 1208 distinguit
423 1153 651 1208 albugines
684 1161 726 1193 et
754 1153 992 1208 vitiligines
1023 1153 1178 1208 hisque
1211 1163 1423 1209 cognatos

36 1221 217 1265 morbos
246 1235 501 1278 procreans.
542 1236 644 1261 cum
671 1220 743 1260 bili
775 1228 927 1263 autem
955 1221 1081 1276 nigra
1111 1230 1352 1278 temperata
1381 1230 1424 1263 et

36 1291 84 1333 in
117 1288 327 1332 circuitus
361 1288 435 1343 qui
466 1288 645 1343 quidem
678 1287 933 1329 divinissimi
968 1290 1071 1331 sunt
1103 1290 1147 1331 in
1175 1291 1318 1348 capite
1352 1291 1423 1332 di-

36 1359 184 1416 spersa
209 1371 371 1412 eosque
397 1355 687 1412 perturbans,
718 1371 802 1414 per
834 1357 1043 1398 somnum
1068 1372 1207 1412 qaum
1239 1359 1423 1411 invadit,

34 1427 205 1478 lenior,
237 1425 467 1481 vigilantes
495 1431 644 1465 autem
678 1439 817 1479 quum
838 1425 1066 1474 adoritur,
1096 1424 1314 1466 difficilius
1347 1441 1423 1466 re-

34 1496 246 1554 pellitur;
281 1500 326 1534 et
349 1491 530 1533 morbus
552 1491 625 1532 hic
656 1507 797 1548 quum
827 1493 974 1534 sacrae
993 1494 1041 1535 fit
1065 1501 1248 1536 naturae
1268 1494 1422 1536 rectis-

35 1566 143 1608 fime
166 1564 282 1605 sacer
315 1559 582 1616 appellatur.
612 1560 768 1615 pituita
788 1570 938 1602 autem
967 1561 1092 1604 acida
1115 1569 1159 1603 et
1184 1563 1291 1605 salsa
1322 1564 1420 1605 fons

35 1634 93 1674 est
117 1630 320 1673 omnium
348 1627 608 1668 morborum
632 1629 1029 1683 quidestillationes
1050 1637 1295 1681 vocantur3
1317 1631 1421 1686 quia

34 1715 146 1743 vero
176 1698 262 1740 loci
301 1697 350 1738 in
393 1710 503 1752 quos
536 1695 636 1737 fluit
668 1696 777 1737 varii
807 1700 935 1749 sunt,
986 1698 1110 1741 varia
1149 1697 1421 1742 invenerunt

34 1767 184 1812 morbi
208 1765 405 1808 nomina.
449 1777 758 1818 quaecumque
787 1780 923 1821 porro
953 1767 1151 1824 corporis
1173 1775 1322 1823 partes
1345 1769 1420 1810 in-

31 1837 287 1881 flammatae
317 1833 549 1881 dicuntur,
590 1846 642 1873 eo
672 1833 790 1888 quod
828 1834 1137 1878 incenduntur
1165 1843 1208 1877 et
1238 1834 1418 1878 inflam-

31 1912 218 1949 mantur
246 1917 271 1944 a
300 1900 400 1952 bili,
430 1900 538 1942 tales
562 1902 778 1945 exfistunt.
820 1910 863 1943 et
892 1902 1113 1960 accipiens
1139 1903 1322 1959 quidem
1340 1921 1417 1947 re-

31 1971 318 2030 spirationem
350 1968 494 2010 varias
525 1968 689 2010 emittit
731 1970 925 2012 vomicas
955 1971 1197 2025 ebulliens,
1249 1972 1418 2017 inclusa

30 2056 142 2084 vero
171 2039 292 2081 intus
332 2038 500 2080 multos
532 2045 711 2079 urentes
751 2037 889 2080 iniicit
914 2039 1120 2092 morbos,
1160 2041 1417 2084 maximum

31 2117 181 2152 autem
197 2139 208 2160 ‚
242 2106 419 2162 quando
439 2121 554 2163 puro
573 2121 674 2147 cum
706 2105 806 2161 igne
827 2114 1074 2164 temperata
1095 2108 1314 2151 fibrarum
1334 2125 1417 2165 ge-

28 2191 113 2220 nus
134 2191 190 2218 ex
213 2174 370 2217 ordine
390 2175 466 2216 suo
498 2174 719 2226 dimovet,
747 2189 863 2229 quae
883 2175 1100 2233 dispersae
1123 2178 1226 2219 sunt
1249 2177 1295 2219 in
1317 2179 1416 2221 san-

28 2244 235 2301 guinem,
266 2250 317 2284 ut
335 2243 609 2284 moderatam
646 2243 831 2284 haberet
862 2245 1121 2287 tenuitatem
1146 2253 1190 2286 et
1213 2247 1418 2289 crasfitu-

29 2310 206 2361 dinem,
227 2320 268 2352 et
285 2324 429 2366 neque
451 2319 639 2368 propter
659 2313 851 2355 calorem
876 2311 1043 2370 quippe
1062 2311 1251 2368 liquidus
1269 2329 1292 2353 e
1313 2330 1414 2356 raro

29 2394 221 2437 corpore
261 2379 492 2432 efflueret,
532 2395 704 2440 neque,
743 2381 914 2425 denfior
959 2382 987 2422 fi
1026 2383 1152 2437 effet,
1197 2379 1434 2425 difficilius
