1657 2876
584 117 934 167 TIMAEUS.
1375 125 1453 180 157

74 250 174 285 octo
199 241 393 285 curfibns
410 230 648 288 ferrentur,
678 236 831 278 lumen
853 236 961 277 deus
987 237 1186 281 accendit
1208 238 1253 280 in
1271 237 1455 280 secundo

74 311 129 353 ad
145 318 309 352 terram
329 306 513 356 ambitu,
529 319 662 360 quem
681 304 862 360 quidem
885 303 1018 346 modo
1043 306 1366 363 appellavimus
1387 306 1458 347 so-

74 381 162 422 lem
177 411 193 430 ,
226 385 276 420 ut
297 390 378 432 per
400 373 656 415 universum
679 375 847 416 luceret
865 374 1039 415 caelum
1071 375 1334 429 numerique
1354 388 1459 431 par·

80 447 235 503 ticipes
265 444 424 486 fierent
455 443 704 485 animantes
733 441 1084 497 quibuscumque
1110 442 1154 483 id
1187 443 1460 495 conveniret,

75 515 381 572 cognoscentes
402 525 506 553 eum
536 511 590 552 ab
611 510 805 552 eiusdem
836 509 1071 565 similisque
1100 517 1289 552 natutae
1314 517 1459 551 motu.

74 598 165 626 nox
194 582 331 637 igitur
357 586 400 620 et
428 578 519 620 dies
552 580 606 621 ad
634 580 757 622 hunc
788 579 970 621 modum
995 586 1039 619 et
1059 577 1114 619 ob
1141 578 1219 620 has
1251 586 1463 633 generata

77 651 237 700 causae,
267 648 398 690 unius
421 655 465 688 et
481 647 780 704 sapientissimi
799 646 1004 689 circuitus
1025 648 1276 699 conversio:
1304 647 1462 688 menfis

73 716 435 773 autem,quando
457 717 563 758 luna
583 717 757 758 lustrato
779 717 856 757 suo
885 717 1014 759 cursu
1037 716 1170 757 solem
1193 717 1462 770 consequuta

73 787 144 833 est,
159 793 203 827 et
222 784 466 832 annus.ubi
490 785 551 826 sol
575 784 731 826 orbem
755 785 884 825 suum
909 784 1174 840 peragravit.
1208 790 1461 824 ceterorum

72 862 224 897 autem
245 853 432 894 fiderum
458 853 918 910 ambitusignorantes
941 854 1142 895 homines
1155 860 1334 911 praeter
1355 866 1461 908 pau-

75 939 150 965 cos
170 922 224 964 de
242 922 449 979 plurimis
471 937 615 977 neque
644 925 823 964 nomine
846 923 1071 978 appeJlant
1097 936 1246 977 neque
1269 920 1387 961 inter
1420 919 1464 959 se

73 1007 267 1034 numero
290 990 665 1032 commetiuntur=
701 999 752 1031 ut
773 991 967 1032 nesciant
997 991 1321 1048 propemodum
1344 997 1465 1030 tem-

73 1076 158 1120 pus
182 1063 263 1102 esse
286 1060 450 1101 horum
484 1073 679 1105 errores.
713 1058 995 1100 multitudine
1016 1058 1192 1099 infinita
1207 1090 1218 1111 ‚
1247 1057 1465 1099 varietate

74 1127 330 1171 admirabili
353 1125 593 1182 praeditos.
615 1126 754 1168 nihilo
775 1134 923 1168 tamen
947 1127 1095 1168 minus
1120 1126 1308 1183 perspici
1331 1126 1466 1183 potest

73 1198 275 1240 absoluto
297 1193 585 1252 perfectoque.
616 1210 805 1237 numero
831 1195 1044 1250 temporis
1073 1195 1327 1235 absolutum
1362 1208 1466 1250 per-

72 1266 328 1321 fectumque
342 1275 508 1304 annum
532 1264 748 1318 compleri
771 1271 866 1305 tuni
892 1278 1030 1317 quum
1047 1262 1249 1304 omnium
1274 1270 1373 1303 octo
1396 1277 1466 1303 or·

74 1334 200 1376 bium
220 1332 471 1374 celeritates
500 1330 698 1372 curfibus
716 1332 800 1373 suis
822 1331 940 1373 inter
956 1332 998 1372 fe
1021 1329 1230 1372 confectis
1252 1330 1307 1371 ad
1329 1336 1467 1385 caput

74 1402 117 1442 se.
145 1400 385 1442 retulerint
415 1413 578 1454 easque
606 1401 870 1455 permensus
902 1401 952 1441 fit
981 1398 1178 1441 eiusdem
1203 1399 1465 1456 semperque

75 1469 140 1512 sui
164 1467 310 1510 fimitis
333 1475 522 1509 naturae
544 1467 673 1509 orbis.
705 1468 784 1509 has
805 1467 941 1523 igitur
964 1468 1020 1509 ob
1047 1470 1199 1510 causas
1229 1476 1332 1509 nata
1364 1470 1468 1508 sunt

75 1539 184 1581 astra
213 1551 520 1593 quaecumque
551 1551 633 1592 per
655 1538 826 1578 caelum
856 1536 1135 1594 penetrantia
1160 1536 1332 1579 solstitia
1354 1535 1469 1576 bru-

76 1621 262 1661 masque
283 1606 443 1661 adepta
481 1606 606 1656 sunt,
637 1611 687 1645 ut
713 1605 798 1645 hoc
827 1605 1089 1647 universum
1114 1604 1332 1646 animanti
1358 1618 1469 1660 per-

75 1674 305 1716 fectisfimo
336 1683 380 1714 et
414 1673 492 1715 sub
528 1672 863 1728 intelligentiam
907 1674 1081 1715 cadenti
1110 1674 1162 1715 ad
1193 1671 1468 1715 aeternitatis

75 1742 375 1786 imitationem
400 1745 502 1783 esset
523 1756 654 1796 quam
685 1742 966 1784 fimitlimum.

189 1812 278 1853 [am
304 1810 357 1852 ad
379 1810 546 1864 reliqua
564 1809 742 1864 quidem
756 1811 873 1865 quod
886 1811 1043 1851 attinet
1061 1824 1201 1865 usque
1219 1808 1271 1851 ad
1290 1816 1469 1865 tempo-

77 1880 139 1922 ris
161 1888 312 1921 ortum
336 1879 532 1920 effictum
562 1885 656 1920 erat
676 1877 729 1918 ad
757 1880 849 1918 eius
876 1878 1208 1920 fimilitudinem
1238 1879 1356 1935 quod
1381 1892 1469 1919 ex-

76 1948 384 2007 primebatur,
417 1947 516 1998 sed,
548 1961 688 2002 quum
719 1947 922 1988 nondum
946 1949 1097 1989 omnia
1117 1947 1327 1989 animalia
1352 1947 1471 1988 intra

81 2019 121 2059 se
139 2023 366 2075 procreata
384 2016 800 2073 comprehenderet,
812 2032 867 2058 ex
886 2031 936 2057 ea
955 2024 1082 2073 parte
1099 2016 1246 2057 adhuc
1265 2015 1470 2057 dissimile

80 2094 187 2128 erat.
209 2086 292 2127 hoc
315 2093 465 2126 autem
486 2099 574 2140 quo
602 2083 892 2127 deficiebatur
911 2085 1169 2127 universum
1193 2084 1335 2126 effecit
1359 2083 1469 2125 deus

81 2155 136 2197 ad
161 2152 428 2209 exemplaris
452 2153 707 2207 exprimens
728 2163 950 2196 naturam.
987 2162 1099 2209 quot
1121 2154 1258 2208 igitur
1285 2160 1330 2193 et
1356 2168 1470 2207 qua-

79 2223 142 2264 les
164 2221 428 2264 animalium
452 2221 620 2264 formas
641 2237 765 2264 mens
784 2224 831 2265 in
852 2238 901 2264 eo
922 2224 1038 2278 quod
1060 2234 1168 2263 vere
1193 2223 1249 2263 est
1268 2221 1470 2264 animan-

82 2299 125 2332 te
146 2290 301 2342 cernit,
333 2289 438 2330 tales
461 2297 504 2329 et
530 2290 713 2332 totidem
744 2293 889 2334 secum
918 2291 1124 2347 cogitavit
1150 2291 1279 2332 etiam
1310 2291 1356 2333 in
1384 2291 1469 2333 hoc

83 2365 288 2415 oportere
313 2357 518 2399 universo
536 2357 678 2401 inesse.
709 2361 810 2403 sunt
830 2369 980 2403 autem
1005 2367 1240 2415 quattuor,
1274 2375 1467 2415 quarum

82 2441 172 2467 uua
199 2425 374 2466 caeleste
410 2426 597 2487 deorum
625 2440 788 2482 genus,
830 2431 967 2471 altera
999 2430 1290 2485 pennigerum
1320 2437 1365 2470 et
1391 2429 1468 2469 ae-

83 2510 235 2546 reum,
265 2494 394 2535 tertia
424 2495 626 2549 aquatilis
649 2497 835 2552 spec-ies,
867 2497 1074 2553 pedestris
1102 2513 1210 2539 vero
1248 2505 1292 2538 et
1324 2505 1468 2537 terre-

84 2564 174 2606 stris
201 2569 370 2619 quarta.
404 2577 454 2604 ac
478 2562 618 2604 divini
642 2564 819 2618 quidem
839 2565 1025 2623 speciem
1056 2566 1254 2609 maxime
1280 2565 1468 2608 faciebat
