1657 2876
578 182 909 227 T1MAEUS.
1351 196 1431 240 277

47 296 174 353 gor'es
203 294 341 338 iniicit
383 303 608 338 extremos
641 296 908 353 morbosque
951 297 1098 339 varios
1141 297 1250 339 alios
1283 296 1432 346 affert,

50 365 159 406 dum
199 365 433 420 utriusque
474 362 692 418 cupiditas
730 372 775 404 et
805 380 957 412 amor,
1000 367 1161 407 educto
1201 374 1431 420 tamquam

49 446 107 473 ex
135 432 368 475 arboribus
402 431 552 472 fructu
589 440 633 473 et
665 432 824 473 deinde
847 433 1081 490 decerpto,
1123 432 1251 473 velut
1279 432 1324 473 in
1354 447 1432 473 ar·-

47 515 158 542 vum
181 501 226 542 in
250 500 480 543 matricem
512 500 721 542 animalia
756 510 944 558 propter
975 502 1243 560 parvitatem
1273 501 1432 541 oculo-

45 583 148 610 rum
171 570 379 612 obtutum
399 569 652 625 effugientia
680 569 868 611 necdum
892 569 1086 612 formata
1113 571 1309 611 inserant
1332 584 1429 610 rur-

46 637 208 692 susque
229 651 280 677 ea
300 637 467 678 secreta
490 638 610 679 intus
630 639 857 688 enutriant
878 655 1038 696 magna
1058 648 1100 679 et
1119 638 1262 696 postea
1288 638 1334 677 in
1357 636 1431 678 lu⁴

45 719 141 746 cem
171 705 352 746 edentes
377 705 676 748 animantium
697 706 929 748 absolvant
957 706 1302 762 generationem.
1364 704 1429 746 Ac

43 771 237 816 feminae
257 774 438 828 quidem
457 789 678 830 omneque
700 774 988 816 muliebreita
1002 782 1106 816 nata
1126 775 1253 826 sunt3
1279 774 1428 815 avium

42 848 193 883 autem
216 856 321 897 gens
345 841 535 886 formata
566 844 650 894 est,
685 843 786 898 pilis
807 843 850 884 in
882 857 1053 899 pennas
1074 843 1278 894 mutatis,
1311 858 1334 883 e
1356 842 1430 883 vi-

42 908 103 952 ris
122 909 242 952 haud
275 909 408 952 malis
429 911 605 965 quidem
621 944 632 962 ‚
663 913 737 953 sed·
756 911 954 962 levibus,
987 913 1041 952 de
1062 911 1195 954 rebus
1225 911 1435 953 sublimi-

41 978 124 1019 bus
147 977 324 1034 quidem
349 979 674 1036 disputantibus
690 1014 705 1032 ,
740 981 809 1021 sed
836 980 1158 1022 arbitrantibus
1190 995 1298 1037 prae
1321 979 1427 1022 fim—

39 1046 238 1103 plicitate
267 1046 660 1090 demonstrationes
694 1048 858 1089 harum
893 1063 1048 1090 rerum
1078 1063 1193 1102 quae
1224 1048 1322 1091 visu
1353 1049 1430 1090 ni-

42 1121 199 1156 tantur
219 1117 302 1156 effe
319 1115 599 1158 firmissimas.
624 1117 822 1174 pedestre
841 1125 990 1158 autem
1014 1125 1057 1157 et
1078 1116 1272 1160 ferinum
1288 1132 1429 1174 genus

41 1190 195 1224 natum
213 1185 270 1224 est
291 1199 344 1225 ex
365 1184 416 1226 iis
436 1185 511 1238 qui
532 1186 660 1226 nullo
683 1186 815 1226 modo
835 1184 1164 1241 philosophiam
1185 1187 1432 1242 attigerunt,

40 1265 124 1293 nec
161 1265 316 1292 rerum
349 1252 598 1294 caelestium
642 1255 881 1309 quicquam
912 1255 1277 1310 conspexerunt,
1327 1254 1430 1311 quia

41 1334 134 1364 non
166 1319 530 1361 converfionibus
558 1322 734 1375 quaein
757 1323 901 1375 capite
931 1323 1032 1363 sunt
1062 1322 1325 1374 utebantur,
1356 1322 1429 1364 sed

41 1387 179 1430 animi
202 1395 351 1445 partes
374 1387 419 1429 in
436 1376 614 1442 pectore
633 1389 795 1432 locatas
812 1390 1113 1444 sequebantur
1140 1391 1293 1433 duces.
1325 1392 1430 1446 qui-

40 1456 123 1497 bus
143 1454 324 1510 quidem
354 1455 502 1496 studiis
531 1455 697 1498 factum
735 1459 791 1498 est
821 1465 872 1498 ut
907 1457 1134 1500 anteriora
1167 1459 1370 1502 membra
1389 1467 1432 1501 et

40 1524 185 1583 capita
233 1523 283 1566 iu
326 1532 496 1564 terram
552 1524 841 1566 detraherent
880 1534 1070 1582 propter
1117 1528 1430 1583 cognationem

40 1594 87 1635 in
119 1607 259 1647 eaque
291 1590 564 1647 defigerent,
610 1601 652 1633 et
684 1593 896 1647 oblongos
943 1595 1182 1651 variosque
1215 1596 1432 1640 haberent

39 1660 254 1713 vertices,
286 1660 365 1701 ubi
385 1660 600 1702 circuitus
632 1662 847 1716 cuiusque
876 1676 985 1717 prae
1014 1662 1194 1718 segnitia
1214 1665 1432 1708 constricti

40 1737 181 1772 erant.
203 1728 550 1785 quadrupedum
572 1729 707 1784 igitur
727 1738 772 1771 et
792 1730 1088 1787 multipedum
1109 1745 1248 1786 genus
1270 1732 1353 1774 hac
1375 1747 1431 1775 ex

40 1799 169 1840 causa
189 1805 341 1838 ortum
363 1799 444 1846 est,
476 1798 558 1838 deo
581 1798 714 1856 pedes
735 1798 991 1841 subiit-iente
1022 1801 1172 1857 plures
1193 1800 1332 1855 inagis
1354 1800 1431 1843 in-

37 1866 320 1925 fipientibus,
351 1881 438 1922 quo
462 1865 602 1922 magis
632 1866 687 1908 ad
718 1875 886 1909 terram
916 1868 1219 1914 traherentur.
1251 1869 1431 1926 impru-

41 1935 300 1979 dentisfimis
322 1950 430 1977 vero
453 1935 614 1977 horum
639 1935 836 1992 ipsorum
873 1937 1142 1992 prorsusque
1174 1937 1228 1978 ad
1259 1945 1429 1982 terram

37 2013 186 2048 totum
214 2018 375 2059 corpus
395 2003 698 2046 deficientibus
731 2003 833 2061 quia
865 2004 977 2045 nulli
1002 2003 1092 2045 iam
1127 2006 1224 2048 usui
1249 2006 1429 2050 suiffent

39 2073 175 2130 pedes
189 2103 202 2122 ,
231 2071 418 2129 pedibus
437 2088 485 2113 ea
507 2073 703 2113 carentia
728 2081 771 2113 et
791 2072 837 2113 in
860 2079 978 2114 terra
998 2074 1204 2131 repentia
1222 2089 1428 2130 procrea-

37 2147 220 2183 verunt.
261 2149 468 2195 quartum
497 2149 641 2182 autem
664 2155 802 2196 genus
825 2141 1019 2196 aquatile
1047 2142 1209 2184 exstitit
1229 2157 1253 2183 e
1278 2142 1427 2185 maxi-

39 2226 114 2254 me
149 2209 501 2266 intipientisfimis
531 2218 575 2250 et
600 2209 961 2265 imperitiffimis,
1006 2225 1115 2265 quos
1143 2226 1199 2251 ne
1228 2213 1425 2268 respira-

37 2279 160 2320 tione
195 2278 376 2332 quidem
405 2293 519 2336 pura
561 2278 716 2334 (lignos
756 2277 843 2319 iam
885 2277 1195 2319 existimarunt
1228 2278 1423 2333 fictores,

39 2348 142 2405 quia
156 2346 359 2389 animum
387 2347 607 2388 habebant
630 2345 754 2387 omni
775 2345 971 2402 nequitia
995 2347 1316 2403 pollutum‚sed
1340 2364 1423 2406 pro

36 2415 161 2457 tenui
195 2422 236 2455 et
265 2430 379 2472 pura
405 2416 520 2458 aeris
552 2416 844 2471 respiratione
873 2415 921 2457 iu
954 2429 1095 2469 aquae
1126 2415 1418 2459 detruserunt

38 2483 263 2527 turbidam
295 2499 344 2524 ac
369 2483 642 2538 profundam
671 2484 1038 2541 respiratiOnem3
1079 2483 1196 2527 unde
1232 2485 1419 2540 piscium

37 2567 142 2609 gens
165 2558 207 2593 et
228 2552 468 2593 ostrearum
492 2555 788 2609 omniumque
817 2566 929 2608 quae
949 2552 1160 2608 aquatilia
1178 2561 1282 2596 nata
1301 2554 1417 2604 sunt,
