1657 2876
566 136 894 182 TIMAEUS.
1343 140 1422 184 185

42 251 207 301 saetam
241 266 343 295 vero
371 264 550 306 aquam,
572 257 741 293 terram
771 265 906 307 porro
928 259 972 292 et
998 250 1144 295 ae'rem
1162 282 1173 303 ‚
1204 261 1424 309 quantum

49 322 212 364 horum
235 321 463 362 fimulacra
493 317 690 373 recipiat.
721 318 922 360 oratione
945 333 1054 359 vero
1074 322 1218 373 potius
1249 323 1331 364 hoc
1354 323 1426 364 di-

45 389 203 444 stingui
225 389 365 443 deque
384 387 469 428 illis
489 386 664 441 anquiri
687 394 882 443 oportet:
902 400 1009 427 num
1034 386 1082 427 fit
1104 387 1211 442 ignis
1233 390 1325 446 ipse
1346 406 1428 447 per

44 459 90 498 se
112 457 350 510 omniaque
376 454 422 496 in
452 456 613 510 quibus
642 455 814 512 semper
839 456 1103 512 usurpamus
1135 455 1240 508 hoc,
1271 473 1354 514 per
1383 459 1427 499 se

44 525 138 582 ipsa
157 537 357 580 quaeque
376 526 482 573 esse,
515 538 570 565 an
593 538 641 563 ea
659 537 772 578 quae
793 523 1017 564 cernimus
1046 531 1089 563 et
1120 537 1429 580 quaecumque

46 592 131 634 alia
163 590 358 647 corporis
387 592 576 633 sensibus
612 589 903 647 percipimus,
936 591 1023 632 sola
1056 592 1135 632 smt
1173 590 1432 635 huiusmodi

46 659 284 701 veritatem
306 658 536 709 habentia,
566 660 649 700 alia
670 673 779 700 vcro
802 659 924 700 nullo
953 658 1089 700 modo
1112 660 1275 701 exstent
1300 676 1430 718 prae·

46 735 116 769 ter
134 726 257 774 haec,
274 726 343 768 sed
370 725 531 769 frustra
554 728 723 782 semper
742 726 938 768 dicamus
957 730 1039 769 effe
1057 727 1253 782 aliquam
1278 729 1432 771 cuius-

45 809 136 852 que
177 794 366 851 speciem
395 794 475 835 sub
519 794 856 850 intelligentiam
888 794 1149 846 cadentem,
1190 811 1330 851 quum
1358 796 1434 837 ni-

45 863 112 905 hil
137 863 256 905 aliud
288 863 397 905 haec
427 864 476 904 fit
514 862 586 905 nisi
611 864 766 905 oratio.
797 878 941 918 neque
969 863 1106 919 igitur
1135 878 1230 905 rem
1262 863 1308 906 iu
1345 880 1434 920 qua

47 946 168 973 nunc
181 932 412 974 versamur
432 933 518 972 sine
533 930 695 972 iudicio
711 938 753 972 et
774 930 1088 989 disceptatione
1111 948 1190 975 nos
1204 933 1435 974 dimitten-

50 1007 112 1041 tes
134 1015 215 1056 par
239 1001 297 1041 est
315 1014 395 1055 pro
418 1007 540 1047 certo
560 999 786 1041 affirmare
807 999 865 1041 ita
886 1002 928 1042 se
950 1001 1138 1053 habere,
1168 1016 1315 1056 neque
1339 1017 1435 1044 ora·

49 1067 182 1109 tionis
202 1067 482 1122 longitudine
499 1067 582 1109 alia
603 1066 656 1108 ad
681 1066 928 1111 institutum
964 1069 1072 1112 nihil
1099 1068 1328 1128 pertinens
1354 1068 1438 1110 ad-

49 1136 262 1187 iicienda3
287 1136 438 1190 quodsi
462 1150 564 1176 vero
584 1135 821 1192 descriptio
840 1150 1000 1190 magna
1022 1138 1175 1194 paucis
1193 1136 1343 1178 verbis
1364 1152 1438 1177 rc·-

48 1203 249 1260 perietur
279 1202 526 1258 explicata,
558 1203 641 1244 lioc
668 1204 866 1244 maxime
893 1206 1204 1260 tempestivum
1235 1204 1333 1248 erit.
1376 1205 1440 1248 ita

49 1270 183 1327 igitur
213 1285 362 1312 meam
394 1270 602 1326 equidem
630 1271 891 1312 sententiam
925 1270 1043 1323 fero,
1075 1275 1102 1314 s1
1126 1288 1252 1314 mens
1274 1282 1316 1316 et
1336 1274 1441 1330 opi-

50 1339 128 1382 nio
148 1354 256 1380 vera
276 1339 365 1380 duo
391 1339 469 1379 smt
487 1353 648 1394 genera
663 1370 674 1387 ‚
693 1341 870 1395 prorsus
892 1353 943 1381 ea
966 1342 1049 1381 effe
1071 1356 1153 1398 per
1175 1343 1242 1396 se,
1272 1350 1315 1383 et
1339 1343 1442 1397 spe-

53 1407 138 1450 cies
159 1407 336 1462 quidem
357 1405 544 1448 sensibus
568 1423 592 1448 a
623 1406 751 1462 nobis
771 1421 860 1449 non
890 1408 1218 1465 percipiendas,
1250 1410 1318 1452 sed
1350 1411 1442 1454 sola

50 1476 250 1528 ratione,
282 1476 341 1516 sin
373 1482 546 1522 autem,
580 1482 631 1515 ut
659 1474 883 1515 nonnullis
917 1475 1122 1529 videtur,
1153 1477 1305 1534 opinio
1334 1494 1443 1521 vera.

55 1560 80 1587 a
101 1551 247 1586 mente
262 1543 374 1584 nihil
397 1542 748 1593 dissb1-at‚omnia
769 1556 882 1596 quae
906 1545 1105 1599 corporis
1127 1546 1315 1589 senfibus
1335 1563 1445 1604 per-

56 1612 295 1671 cipiamus,
327 1612 535 1668 ponenda
565 1613 647 1652 effe
678 1609 929 1650 certisfima.
969 1610 1062 1653 duo
1092 1613 1230 1669 igitur
1258 1615 1445 1657 dicenda

55 1683 156 1724 sunt
195 1680 266 1721 illa
286 1713 296 1733 ‚
336 1686 573 1735 propterea
613 1676 729 1733 quod
765 1678 963 1733 separata
994 1679 1093 1722 sunt
1135 1689 1180 1723 et
1222 1681 1446 1725 disfimili-

55 1748 262 1791 tudinem
307 1746 422 1788 inter
469 1747 512 1786 se
548 1746 727 1787 habent.
812 1746 1004 1788 alterum
1057 1749 1176 1792 enim
1228 1751 1444 1803 doctrina,

57 1818 247 1860 alterum
307 1815 584 1871 persuasione
630 1814 678 1855 in
728 1812 855 1855 nobis
910 1817 1059 1858 extistit
1082 1849 1093 1869 ,
1165 1817 1277 1859 illud
1325 1819 1446 1862 sem-

56 1900 141 1943 per
181 1898 284 1927 cum
323 1897 433 1923 vera
469 1881 751 1924 coniunctum
788 1881 982 1935 ratione,
1026 1884 1112 1926 hoc
1139 1885 1324 1928 rationis
1360 1900 1447 1929 ex-

57 1968 185 2011 pers,
233 1951 348 1996 illud
390 1951 668 2007 persuasione
709 1950 826 1991 ssecti
868 1950 1045 2006 nequit,
1113 1952 1200 1995 hoc
1229 1954 1281 1995 ad
1311 1955 1447 1997 aliam

59 2020 233 2067 traduci
253 2021 389 2078 potest
403 2020 744 2077 persuasionem,
768 2018 947 2061 alterius
972 2021 1215 2075 quemlibet
1235 2025 1318 2064 effe
1337 2037 1448 2080 par-

59 2089 239 2146 ticipem
262 2088 407 2130 dicere
430 2087 666 2141 debemus,
698 2087 880 2130 rationis
915 2103 1023 2130 vero
1051 2089 1178 2141 deos,
1212 2090 1448 2133 homiuum

62 2165 209 2199 autem
228 2172 364 2213 genus
384 2157 690 2214 perexiguum.
724 2170 837 2212 quae
853 2171 992 2212 quum
1019 2158 1080 2201 ita
1099 2160 1177 2201 snit
1191 2190 1201 2206 ‚
1225 2158 1450 2202 confiten-

64 2224 172 2266 dum
194 2240 331 2267 unam
352 2227 434 2267 effe
459 2225 644 2283 speciem
667 2225 822 2267 eodem
852 2226 894 2266 se
916 2226 1050 2268 niodo
1073 2227 1338 2282 habentem,
1371 2244 1451 2270 or·-

65 2302 134 2334 tus
158 2300 201 2334 et
218 2293 424 2336 interitus
444 2301 701 2351 expertem,
725 2308 871 2349 neque
893 2293 936 2336 in
957 2296 999 2336 se
1019 2295 1305 2354 recipientem
1328 2297 1452 2340 aliud

65 2360 247 2402 aliunde
271 2376 414 2418 neque
450 2363 588 2421 ipsam
622 2362 669 2404 in
700 2362 818 2404 aliud
848 2370 1180 2413 transeuntem,
1214 2366 1451 2407 oculorum

65 2428 275 2470 obtutum
296 2429 575 2487 reliquosque
594 2431 741 2472 sensus
763 2430 1050 2486 effugientem
1064 2464 1075 2484 ,
1092 2433 1208 2476 hanc.
1231 2433 1356 2476 cuius
1377 2435 1457 2476 in-

64 2498 290 2553 vestigatio
319 2495 471 2553 obtigit
511 2498 853 2554 intelligentiae3
896 2501 1157 2555 cognomine
1191 2517 1298 2545 vero
1331 2503 1452 2544 fimi-

64 2566 194 2620 leque
223 2566 288 2607 illi
322 2565 589 2618 secundum,
630 2567 805 2608 sensum
837 2582 1040 2617 movens,
1085 2578 1235 2612 ortum
1269 2570 1451 2618 habens.

66 2634 239 2692 semper
260 2633 474 2691 agitatum
489 2667 501 2687 ,
531 2635 710 2679 nascens
731 2635 778 2681 iu
798 2636 896 2680 loco
916 2635 1067 2693 aliquo
1089 2639 1330 2694 rursusque
1349 2636 1452 2678 inda
