1657 2876
647 120 988 167 TIMAEUS.
1427 123 1506 166 225

124 242 294 277 terram
329 246 668 288 nonnumquam
707 232 848 292 ipsam
891 235 1110 279 trahimus
1159 236 1205 280 in
1256 237 1506 280 disfimitem

124 304 278 346 aerem
315 303 358 344 vi
406 310 451 344 et
488 308 661 358 praeter
705 308 932 349 naturam,
987 318 1124 359 quum
1165 306 1295 347 ambo
1343 322 1508 362 cogna-

124 380 222 414 tum
251 377 476 430 appetant.
519 369 666 411 minus
699 384 808 411 vero
844 368 1011 414 facilius
1045 372 1212 413 maiore
1244 383 1282 415 et
1318 376 1438 431 prius
1467 375 1506 417 vi

123 447 326 482 coactum
363 437 417 480 ad
451 436 654 479 disfimile
680 437 901 495 sequitui-3
944 448 985 480 et
1018 441 1117 481 leve
1140 440 1181 481 id
1217 441 1409 484 diximus
1441 443 1506 484 Ιο-

121 521 312 562 cumque
335 504 389 548 ad
424 519 557 561 quem
589 505 787 562 cogimus
814 507 1116 563 superiorem,
1158 518 1312 550 contra
1350 518 1502 552 autem

121 575 328 618 affectum
346 587 485 628 grave
506 582 550 617 et
571 575 718 616 locum
740 573 1019 621 inferiorem.
1039 576 1148 618 haec.
1175 577 1306 632 igitur
1329 579 1504 620 diverso

119 642 255 685 modo
276 641 495 684 rehabere
507 644 559 685 ad
575 645 616 685 se
626 644 717 700 ipsa
731 659 755 685 n
763 646 895 686 ecesse
907 645 963 685 est
972 653 1204 701 propterea
1219 661 1242 698 q
1251 646 1333 686 uod
1351 646 1505 687 multi-

117 711 292 754 tudines
305 725 518 768 generum
530 712 673 753 locum
685 712 799 755 inter
810 713 850 754 se
864 713 1136 762 eontrarium
1154 713 1348 755 obsitum
1366 729 1379 760 ς
1401 730 1452 755 ua
1461 729 1504 755 m

116 780 166 822 in
194 779 332 822 altero
358 780 456 821 loco
487 779 586 821 leve
612 781 652 821 ei
686 782 803 838 quod
828 782 872 823 in
894 783 1117 825 contrario
1143 783 1201 823 est
1223 782 1335 829 tevi,
1368 797 1505 837 grave

116 849 266 906 gravi,
298 846 503 889 inferiori
533 847 725 890 inferius
761 858 804 891 et
837 850 1034 906 superius
1062 849 1278 906 superiori
1312 853 1506 907 oppofita

119 924 162 959 et
182 915 360 972 obliqua
384 923 428 956 ct
453 917 630 973 prorsus
660 918 828 959 diversa
847 918 962 960 inter
984 919 1025 959 se
1048 918 1325 974 reperiemus
1357 926 1399 959 et.
1424 918 1504 959 fie-

117 986 158 1028 ri
179 993 223 1027 et
242 987 350 1035 effe3
381 983 464 1025 hoc
484 991 633 1025 tamen
659 1000 801 1028 unum
822 987 1098 1029 statuendum
1121 987 1174 1028 de
1194 986 1259 1028 his
1280 987 1504 1039 omuibus,

116 1054 236 1097 viam
265 1068 380 1108 quae
398 1051 596 1107 quidque
612 1053 666 1094 ad
689 1063 920 1110 cognatum
955 1055 1086 1096 ducat
1109 1068 1244 1109 grave
1265 1056 1436 1099 efficere
1459 1055 1504 1096 id

116 1122 236 1180 quod
262 1120 460 1170 feratur,
492 1128 536 1161 et
558 1121 707 1164 locum
728 1123 775 1164 in
796 1138 929 1177 quem
958 1122 1002 1163 id
1026 1122 1198 1164 feratur
1224 1122 1502 1172 inferiorem,

116 1205 167 1232 ea
196 1197 345 1231 autem
377 1201 493 1242 quae
517 1188 645 1231 aliter
675 1190 718 1230 se
749 1189 967 1241 habeant,
998 1190 1084 1232 alia
1115 1194 1211 1233 effe.
1263 1200 1303 1232 et
1342 1191 1503 1232 harum

113 1257 295 1315 quidem
315 1254 603 1298 affectionum
624 1256 730 1299 haec
754 1258 896 1299 dictae
920 1259 1049 1299 sunto
1077 1259 1242 1302 causae.
1270 1259 1378 1300 levis
1399 1274 1503 1317 por-

113 1341 167 1369 ro
193 1333 234 1367 et
264 1325 443 1379 asperae
467 1323 709 1367 affectionis
733 1326 910 1366 causam
933 1324 1119 1378 quilibet
1140 1325 1210 1381 qui
1228 1329 1504 1383 perspectam

112 1392 323 1437 habuerit
344 1391 476 1434 etiam
499 1393 629 1435 alteri
654 1393 853 1450 potuerit
873 1393 1044 1443 dicere3
1078 1393 1193 1435 hanc
1225 1397 1343 1437 enim
1376 1395 1503 1437 duri-

112 1462 196 1505 ties
217 1475 318 1502 cum
341 1460 652 1518 inaequalitate
684 1462 951 1513 commixta,
983 1462 1103 1506 illam
1134 1478 1241 1506 vero
1260 1464 1501 1520 aequalitas

113 1546 214 1574 cum
235 1530 441 1571 denfitate
460 1530 697 1572 coniuncta
719 1529 867 1571 efficit.

227 1598 426 1641 Maxima
453 1600 579 1640 restat
597 1600 909 1641 communium
924 1598 1061 1641 totius
1083 1598 1284 1654 corporis
1298 1598 1500 1640 affectio-

111 1683 222 1711 num
238 1700 248 1720 ‚
279 1666 578 1708 iucundarmn
605 1674 649 1709 et
672 1667 951 1714 acerbarum,
988 1668 1116 1710 causa
1138 1667 1185 1708 in
1211 1668 1261 1707 iis
1284 1681 1397 1722 quae
1417 1681 1500 1708 ex-

109 1735 336 1794 posuimus
360 1741 402 1774 et
424 1748 736 1790 quaecumque
754 1750 837 1792 per
856 1736 1055 1792 corporis
1066 1744 1217 1793 partes
1230 1735 1377 1774 sensns
1392 1749 1500 1775 nan-

111 1805 338 1846 ciscuntur
362 1808 403 1842 et
433 1801 604 1844 dolores
634 1802 680 1843 in
715 1804 852 1845 semet:
883 1803 982 1858 ipfis
1012 1804 1226 1858 simulque
1247 1802 1497 1855 voluptates

109 1871 278 1915 habent
309 1870 507 1914 comites.
557 1871 618 1913 ita
655 1870 791 1927 igitur
830 1871 1032 1912 omnium
1063 1884 1179 1925 quae
1209 1868 1288 1910 sub
1322 1868 1496 1910 sensnm

109 1941 274 1983 cadunt
294 1939 361 1980 vel
381 1954 484 1982 eum
507 1940 689 1996 fugiunt
707 1939 995 1981 affectionum
1018 1940 1168 1981 causas
1185 1935 1495 1995 percipianms,

108 2006 327 2052 recordati
345 2016 552 2051 naturam
574 2024 653 2051 nos
676 2023 789 2064 quae
808 2007 935 2050 facile
957 2016 1160 2050 movetur
1179 2013 1221 2047 et
1241 2020 1353 2059 qnae
1376 2005 1495 2046 diffi-

108 2077 191 2120 cile
205 2078 340 2134 supra
360 2075 617 2130 distinxisse3
648 2077 731 2118 hac
743 2076 863 2118 enim
885 2076 1060 2117 ratione
1083 2074 1377 2130 investiganda
1392 2075 1493 2116 sunt

108 2145 258 2187 omnia
281 2159 393 2200 quae
419 2143 663 2200 cogitamus
680 2143 864 2201 assequi.
904 2145 953 2186 in
976 2144 1018 2185 id
1043 2142 1246 2185 videlicet
1269 2142 1384 2197 qnod
1408 2158 1491 2183 na-

109 2222 208 2255 tura
230 2212 358 2254 facile
370 2219 578 2253 movetur
597 2213 774 2267 quando
796 2213 932 2255 etiam
950 2212 1095 2253 brevis
1117 2210 1296 2252 affectio
1318 2210 1489 2259 incidit,

105 2280 428 2323 ‘transfundunt
451 2294 549 2322 eam
574 2281 858 2323 circumcirca
878 2288 1027 2337 partes
1050 2278 1157 2320 aliae
1179 2279 1220 2320 in
1241 2280 1347 2320 alias
1370 2280 1487 2320 idem

109 2348 358 2401 efficientes,
387 2349 494 2390 dum
517 2349 571 2391 ad
594 2349 861 2406 prudentem
888 2356 1061 2406 partem
1086 2347 1256 2389 delatae
1277 2348 1367 2389 vim
1394 2348 1486 2389 eius

107 2417 224 2472 quod
253 2417 375 2458 illam
396 2416 547 2459 iniecit
566 2417 807 2470 nuncient3
840 2416 1112 2458 contrarium
1136 2431 1238 2458 vcro
1262 2418 1378 2472 quod
1406 2419 1487 2456 Ha-

106 2485 196 2526 bile
217 2485 273 2526 est
298 2485 559 2540 nullumque
587 2500 665 2541 per
695 2485 849 2527 orbem
873 2483 1168 2542 progreditur,
1202 2486 1370 2540 patitui·
1396 2493 1486 2524 tan-

107 2552 368 2602 tumm0d0‚
411 2566 494 2592 nec
535 2551 666 2594 ullam
698 2560 850 2594 movet
876 2552 1122 2594 vicinarum
1160 2552 1374 2608 partium,
1416 2559 1482 2602 ut,

109 2621 204 2665 aliis
226 2619 427 2679 partibus
446 2620 493 2663 in
516 2620 622 2664 alias
645 2636 741 2664 eam
761 2636 851 2664 uon
872 2621 1307 2673 tranffuudmfibm,
1337 2619 1484 2676 prima
