1657 2876
668 140 967 186 POLITIA
1006 141 1089 191 lx,
1544 161 1569 204 9

191 255 567 315 quemadmodum
596 255 849 312 voluptates
867 256 916 298 iu
944 271 996 297 eo
1016 258 1213 313 posterae
1232 260 1361 317 plura
1381 267 1570 317 appete-

192 327 300 368 bant
316 339 448 380 quam
470 325 639 379 priores
659 323 828 380 hasque
848 325 1115 383 spoliabant,
1146 326 1207 367 ita
1229 329 1362 371 etiam
1382 328 1472 386 ipse
1494 330 1571 371 iu·-

190 393 293 434 nior
314 392 445 448 plura
465 391 632 433 habere
655 392 892 434 contendet
915 408 1047 448 quam
1078 401 1207 450 pater
1236 404 1277 437 et
1304 405 1448 439 mater
1468 413 1569 439 eos-

190 473 279 514 que
297 459 501 516 spoliare,
529 475 667 516 quum
690 467 865 517 partem
887 461 1011 502 suam
1035 465 1366 520 consumpserit,
1381 474 1568 523 paterna

189 528 306 570 bona
326 528 381 570 ad
409 530 452 570 se
475 527 736 570 vindicans?
767 527 973 586 Quidni?
1005 530 1163 586 inquit.
1224 532 1434 574 Parentes
1456 549 1568 576 vcro

191 597 220 637 fi
245 596 285 637 ei
306 611 396 638 non
418 596 705 653 permittant,
745 611 895 638 nonne
925 597 1124 653 primum
1156 599 1382 642 furabitur
1404 618 1570 660 eosque

189 664 506 707 defraudabit?
546 666 729 707 Prorsus
748 664 822 707 ita.
880 664 1044 722 Quodfi
1071 682 1163 709 non
1186 668 1396 725 potuerit,
1428 672 1571 727 rapiet

190 740 236 773 et
270 732 315 774 vi
346 732 523 775 auferet
556 732 746 774 deinde?
784 733 1012 784 Arbitror,
1049 735 1207 791 inquit.
1267 737 1570 780 Refissemibus

189 800 323 857 igitur
354 817 404 843 ac
422 799 798 857 repugnantibus,
829 817 855 843 o
879 802 1250 859 praestantissime,
1279 806 1382 847 sene
1405 813 1447 845 et
1470 806 1573 847 ani-

189 870 311 920 cula,
343 885 454 912 num
480 869 763 912 reverebitur
790 877 835 911 et
864 871 1105 926 tyrannicis
1124 872 1361 915 abstinebit
1383 874 1572 916 actioni-

187 937 309 980 bus?
338 939 438 981 Non
457 940 573 990 saue,
604 938 770 994 inquit,
815 938 1022 993 equidem
1056 939 1167 982 bene
1193 943 1320 1000 spero
1351 941 1406 983 de
1437 943 1573 984 huius

188 1007 460 1062 parentibus.
520 1009 579 1050 Et
599 1007 761 1058 hercle,
791 1006 1045 1059 Adimante,
1076 1017 1262 1065 propte-r
1281 1009 1471 1052 amicam
1495 1026 1573 1052 re·-

191 1088 295 1115 cens
328 1075 531 1118 dilectam
558 1090 638 1116 nec
671 1075 956 1117 necessariam
991 1075 1160 1118 (ludum
1185 1076 1389 1120 dilectam
1416 1088 1459 1120 et
1487 1095 1574 1121 ne·-

190 1143 414 1185 ceffariam
445 1151 662 1194 matrem,
701 1143 772 1184 vel
799 1151 984 1199 propter
1005 1143 1251 1187 formosum
1278 1162 1434 1189 recens
1461 1148 1574 1190 dile-

191 1218 312 1252 ctum
334 1226 415 1253 nec
430 1211 720 1254 neceffarium
746 1210 994 1253 deformem
1017 1219 1059 1252 et
1078 1214 1362 1256 necessarium
1395 1224 1574 1271 patrem

190 1280 340 1321 senem
353 1287 398 1321 et
419 1281 669 1322 amicorum
691 1279 1041 1334 antiquisfimum
1058 1280 1239 1323 videtur
1267 1282 1348 1324 tibi
1371 1283 1444 1325 hic
1465 1301 1575 1326 ver-

188 1349 426 1392 beraturus
445 1349 719 1404 illorumque
733 1348 915 1391 servitio
929 1347 1205 1391 subiecturus
1231 1353 1368 1403 esse,fi
1384 1353 1574 1397 eandem

188 1419 238 1461 in
258 1419 441 1461 domum
463 1419 610 1460 secum
635 1416 846 1459 duxerit?
878 1417 994 1461 Sane
1015 1417 1193 1474 quidem
1218 1418 1379 1472 hercle,
1410 1421 1573 1477 inquit.

191 1487 451 1531 Admodum
475 1487 782 1539 fortunatum,
812 1486 1015 1542 inquam,
1048 1486 1230 1530 videtur
1259 1491 1342 1531 effe
1367 1489 1578 1546 tyranni-

190 1572 293 1598 cum
316 1556 457 1598 filium
484 1570 735 1612 procreare.
794 1556 893 1598 Non
922 1557 1048 1607 sane,
1079 1555 1235 1611 inquit.
1297 1556 1421 1614 Quid
1452 1572 1574 1611 vero,

190 1625 220 1664 fi
251 1631 437 1680 paterna
465 1631 508 1664 ct
539 1632 745 1664 materna
770 1623 887 1665 bona
924 1639 1026 1666 eum
1059 1623 1299 1677 deliciunt,
1344 1626 1576 1683 copiosum

191 1707 303 1732 vero
324 1692 414 1733 iam
441 1692 672 1733 collectum
699 1693 756 1732 est
778 1691 823 1732 in
842 1706 894 1733 eo
915 1693 1198 1747 voluptatum
1222 1707 1427 1744 examen,
1461 1710 1576 1735 non·

190 1774 247 1800 ne
268 1760 466 1817 primum
491 1760 670 1814 quidem
702 1759 858 1800 domus
889 1759 1074 1801 alicuius
1100 1759 1331 1801 adorietur
1359 1762 1575 1816 parietem

190 1828 263 1868 vel
292 1829 384 1870 sero
413 1828 554 1869 noctis
587 1827 881 1884 proficiscenti
916 1827 1105 1883 pallium
1145 1828 1372 1880 detrahet,
1414 1829 1576 1872 deinde

190 1910 300 1937 vero
329 1897 545 1953 templum
581 1894 881 1954 exspoliabit?
925 1903 968 1935 et
996 1895 1043 1937 in
1069 1895 1136 1937 his
1160 1896 1341 1951 quidem
1367 1897 1575 1939 omnibus

192 1979 300 2019 quas
321 1964 496 2021 pridem
522 1965 694 2006 tenebat
717 1963 950 2005 sententias
972 1979 997 2005 a
1017 1980 1157 2021 puero
1187 1964 1241 2006 de
1271 1965 1404 2006 rebus
1428 1965 1578 2007 hone-

192 2032 261 2073 stis
283 2048 332 2074 ac
356 2033 585 2089 turpibus,
617 2048 702 2089 pro
732 2031 849 2074 iustis
874 2031 971 2073 illas
1008 2031 1188 2088 quidem
1215 2032 1401 2082 habitas,
1432 2045 1578 2091 nuper

193 2101 405 2145 servitute
424 2101 638 2143 liberatae
657 2100 835 2143 Amoris
857 2101 1060 2142 satellites
1080 2101 1354 2157 superabunt
1377 2117 1478 2144 cum
1502 2102 1578 2158 ip-

192 2169 265 2218 so3
299 2185 413 2225 quae
443 2170 568 2227 prius
595 2170 775 2224 quidem
807 2169 950 2225 specie
977 2169 1290 2212 liberabantur
1320 2170 1367 2210 in
1398 2169 1580 2222 somnis,

193 2252 332 2292 quum
355 2238 451 2295 ipse
481 2237 625 2279 adhuc
650 2237 817 2293 legibus
839 2246 885 2279 et
905 2238 1019 2293 patri
1044 2237 1267 2288 obediret,
1299 2238 1504 2294 populari
1530 2237 1579 2281 in

194 2307 237 2345 se
258 2306 447 2362 imperio
479 2306 719 2354 subiectus,
750 2304 931 2359 Amoris
957 2319 1066 2346 Vero
1091 2305 1321 2362 tyrannidi
1341 2306 1580 2360 subiectus,

193 2374 436 2430 postquam,
470 2375 643 2430 qualem
671 2375 714 2415 se
735 2388 839 2416 raro
862 2373 1132 2429 praebuerat
1153 2373 1320 2430 specie,
1353 2389 1463 2416 vero
1482 2375 1580 2416 talis

194 2443 370 2499 semper
392 2441 530 2485 factus
554 2445 627 2495 est,
658 2457 802 2498 neque
819 2441 917 2483 dira
936 2441 1082 2497 aliqua
1101 2442 1233 2485 caede
1254 2441 1491 2487 abstinebit
1506 2457 1581 2484 ne-

196 2523 282 2564 que
317 2510 571 2551 heluatione
600 2526 743 2567 neque
773 2511 995 2561 facinore,
1038 2510 1108 2551 sed
1146 2511 1408 2564 tyrannicus
1440 2511 1486 2552 in
1526 2524 1579 2548 eo

197 2578 338 2619 Amor
373 2578 419 2619 iu
452 2578 605 2634 quavis
634 2579 814 2636 imperii
844 2594 896 2621 ac
923 2580 1072 2635 legum
1102 2578 1382 2622 dissolutione
1410 2579 1580 2626 vivens,
