1657 2876
590 139 920 186 TIMAEUS.
1367 149 1445 193 145

60 264 321 314 procreatus
350 262 394 297 et
426 255 483 295 est
510 261 554 296 et
581 254 680 296 erit.
741 255 1018 312 Corporeum
1048 269 1196 304 autem
1228 271 1270 305 et
1291 265 1448 321 adspea.

61 325 221 368 ctabile
242 326 439 379 itemque
462 322 689 364 tractabile
711 328 877 367 neceffe
897 326 952 366 est
972 342 1105 368 omne
1124 335 1206 372 effe·
1227 334 1342 388 quod
1366 349 1448 376 na-

60 401 157 435 tum
179 394 248 435 est.
288 391 399 435 nihil
420 405 555 447 porro
576 391 669 448 igni
696 404 892 434 vacuum
919 395 1059 437 videri
1083 402 1234 453 potest,
1267 416 1348 443 nec
1371 417 1448 443 ve-

61 476 113 503 ro
139 461 258 516 tangi
279 459 396 516 quod
428 468 575 501 careat
596 461 774 521 solido„
803 462 992 503 solidum
1019 471 1168 506 autem
1190 468 1299 510 nihil
1329 472 1447 525 quod

60 538 209 571 terrae
229 529 280 569 fit
306 542 481 586 expers.
526 530 815 584 quamobrem
843 547 898 573 ex
923 532 1026 586 igne
1049 542 1093 575 et
1116 543 1233 577 terra
1258 539 1449 580 uuiver-

60 598 194 641 fitalis
227 610 390 653 corpus
422 596 528 638 deus
558 599 778 641 mundum
811 601 1063 642 construere
1092 604 1282 645 moliens
1304 605 1447 649 fiuxit.

58 666 149 707 (luo
178 672 328 706 autem
363 665 451 706 sola
480 666 592 706 bene
623 668 862 710 cohaerere
898 669 988 711 fine
1016 671 1144 713 tertio
1190 683 1445 728 nequeunt;

61 734 293 777 vinculum
333 736 452 776 enim
482 734 762 777 interiectum
796 738 844 779 fit
875 746 1052 795 oportet
1085 740 1217 782 ambo
1257 743 1450 784 coniun-

59 816 179 859 gens.
211 802 282 843 sed
297 802 586 844 vinculorum
602 803 647 845 id
667 805 722 845 est
744 805 1099 861 pulcherrimum
1115 810 1232 864 quod
1248 825 1304 852 ex
1325 813 1450 854 seat-

60 885 148 927 que
165 871 217 912 iis
229 885 344 924 quae
362 870 592 927 adstringit
610 886 744 928 quam
758 875 956 915 maxime
968 889 1107 918 uuum
1124 878 1265 922 efficit.
1299 880 1342 921 id
1368 896 1450 938 op-

61 941 170 983 time
182 939 425 993 assequitur
442 940 696 995 proportio,
727 943 905 996 quando
917 943 1037 984 enim
1052 945 1186 987 trium
1203 948 1273 989 vel
1287 963 1451 990 nume*

59 1024 215 1052 rorum
236 1008 310 1049 vel
330 1022 567 1066 corporum
593 1009 662 1050 vel
681 1023 1071 1067 quorumcumque
1102 1029 1319 1070 generum
1352 1032 1450 1058 me-

61 1078 205 1127 dium,
229 1076 348 1131 quod
373 1078 570 1132 primum
593 1077 645 1118 ad
668 1077 922 1132 ipsum‚hoc
943 1082 1086 1137 ipsum
1107 1084 1449 1141 adpostremum

60 1151 131 1199 est,
144 1144 420 1198 viciniamque
434 1145 550 1199 quod
567 1153 822 1188 extremum
835 1149 887 1189 ad
903 1148 1115 1195 medium,
1129 1151 1171 1191 id
1187 1152 1379 1194 medium
1394 1154 1451 1195 ad

60 1218 278 1277 primum,
299 1222 395 1255 tum
413 1213 455 1253 id
471 1213 589 1269 quod
606 1214 804 1255 medium
817 1216 874 1255 est
892 1216 1090 1273 primum
1113 1226 1156 1258 et
1179 1220 1365 1273 posti-em
1375 1234 1451 1262 um

61 1284 398 1342 fit‚postremum
413 1295 520 1322 vero
534 1290 577 1321 et
602 1282 802 1337 primum
822 1285 971 1326 media
988 1284 1104 1327 fiunt
1125 1286 1272 1337 ambo,
1301 1287 1451 1343 itaque

60 1352 286 1396 necessitas
324 1350 442 1405 cogit
479 1358 530 1392 ut
572 1349 723 1391 omnia
758 1352 837 1392 fint
878 1354 1033 1394 eadem
1048 1385 1059 1400 ‚
1104 1357 1257 1395 eadem
1297 1363 1451 1397 autem

61 1435 202 1478 quum
240 1417 355 1460 facta
374 1419 457 1458 smt
473 1417 588 1459 inter
609 1419 671 1469 se,
701 1434 846 1462 unum
866 1421 948 1463 fint
968 1423 1134 1464 omnia.
1175 1424 1328 1478 quodfi
1349 1424 1451 1466 lati-

61 1490 267 1532 tudinem
297 1486 502 1541 quidem,
544 1486 824 1528 altitudinem
853 1505 959 1532 vero
991 1491 1160 1533 nullam
1184 1491 1349 1533 habere
1372 1493 1451 1533 de-

61 1559 218 1600 buiffet
238 1555 538 1597 univerfitatis
566 1571 739 1612 corpus,
773 1572 912 1598 unum
937 1557 1222 1601 interiectum
1250 1561 1451 1604 medium

63 1627 164 1669 satis
194 1624 338 1667 fuiffet
370 1625 422 1665 ad
454 1638 502 1664 ea
533 1624 693 1677 quibus
730 1626 1158 1682 effetinterpofitum
1182 1634 1225 1668 et
1247 1628 1451 1684 seipsum

65 1693 335 1751 colligandag
366 1706 487 1732 nunc
505 1700 650 1733 autem
675 1692 863 1733 solidum
889 1697 969 1735 effe
982 1694 1181 1747 debebat,
1212 1696 1345 1737 solida
1370 1711 1453 1737 ve-

64 1781 116 1807 ro
138 1776 281 1804 unum
308 1762 511 1801 medium
530 1775 793 1815 numquam,
822 1762 894 1802 sed
919 1762 1005 1803 duo
1031 1763 1206 1819 semper
1224 1764 1450 1820 copulant.

63 1835 215 1889 itaque
246 1831 363 1872 iuter
382 1829 530 1883 ignem
563 1839 604 1869 et
627 1837 794 1871 terram
819 1830 925 1871 deus
946 1843 1107 1884 aquam
1127 1838 1170 1872 et
1192 1832 1340 1873 aerem
1366 1848 1453 1888 po-

64 1903 154 1946 suit
171 1914 310 1955 eaque
330 1897 470 1954 quoad
491 1896 585 1938 fieri
602 1906 775 1954 poterat
788 1898 905 1939 inter
926 1899 971 1938 fe
990 1913 1254 1955 comparans
1269 1902 1453 1944 eadem-

67 1985 154 2029 que
165 1967 458 2027 proportione
479 1966 767 2022 coniungens,
785 1974 834 2008 ut
856 1967 974 2023 quod
997 1968 1111 2024 ignis
1125 1970 1176 2009 ad
1191 1969 1453 2019 acrem‚hoc

67 2039 144 2081 aessr
170 2037 222 2080 ad
245 2050 407 2093 aquam
425 2067 435 2085 ,
470 2044 513 2078 et
537 2035 653 2092 quod
680 2035 755 2076 aer
787 2035 840 2076 ad
860 2050 1023 2091 aquam
1041 2071 1052 2088 ‚
1083 2037 1127 2078 id
1150 2051 1264 2092 aqua
1283 2037 1335 2077 ad
1363 2045 1453 2079 ter-

67 2123 167 2150 ram
189 2108 316 2154 effet,
360 2104 582 2160 colligavit
611 2111 655 2145 et
687 2104 928 2146 construxit
960 2104 1130 2147 caelum
1159 2105 1453 2161 adspectabile

72 2185 114 2218 et
141 2173 384 2218 tractabile.
431 2182 563 2230 atque
594 2172 710 2214 hanc
745 2173 798 2214 ob
831 2174 1005 2215 causam
1041 2182 1084 2214 et
1115 2189 1169 2214 ex
1194 2173 1263 2214 his
1289 2173 1450 2216 talibus

70 2258 351 2299 numeroque
371 2251 584 2299 quattuor
603 2243 761 2284 mundi
780 2257 943 2299 corpus
957 2242 1162 2284 effectum
1185 2244 1243 2283 est
1263 2258 1453 2300 propor-

72 2313 195 2355 tione
226 2313 372 2355 I'ecum
401 2311 679 2353 consentiens
709 2318 752 2352 et
779 2310 970 2352 amicitia
1003 2311 1045 2351 se
1069 2311 1173 2351 inde
1192 2312 1453 2367 complecti-

74 2389 163 2432 tur,
185 2387 248 2432 ut,
276 2395 412 2436 quum
434 2380 480 2421 in
500 2395 640 2422 unum
662 2381 810 2422 secum
834 2380 1063 2430 coaluerit,
1084 2379 1259 2421 dissolvi
1281 2395 1306 2421 a
1328 2381 1452 2422 nullo

75 2449 161 2491 alio
197 2457 330 2504 queat
357 2449 432 2489 nisi
454 2448 508 2490 ab
543 2449 699 2490 eodem
721 2464 746 2490 a
777 2463 867 2503 quo
893 2449 950 2489 est
972 2448 1241 2504 colligatum.
1304 2448 1453 2505 Quat-

74 2525 180 2560 tuor
211 2526 358 2559 autem
386 2517 564 2558 illarum
585 2532 736 2558 rerum
764 2532 900 2559 unam
921 2524 1059 2557 totam
1082 2531 1307 2571 quamque
1327 2532 1454 2558 acce-

76 2585 144 2643 pit
168 2587 325 2627 mundi
347 2586 634 2630 constructi0;
665 2585 763 2640 igne
778 2585 894 2627 enim
907 2585 1027 2628 omni
1049 2593 1092 2627 et
1113 2600 1228 2640 aqua
1242 2595 1285 2628 et
1296 2589 1395 2628 aere
1412 2592 1453 2626 et

78 2660 196 2696 terra
215 2655 465 2710 composuit
496 2669 598 2697 eum
622 2655 654 2696 is
681 2655 758 2710 qui
782 2654 1045 2712 composuit,
1077 2663 1255 2713 partem
1279 2653 1452 2697 nullam
