1657 2876
611 139 911 187 romriA
939 137 994 187 x.
1431 149 1487 206 59

215 257 394 313 Itaque,
425 252 606 310 inquam
623 286 635 307 ‚
665 254 830 297 deinde
852 257 1156 311 quaestionem
1179 258 1333 304 haberi
1356 275 1487 320 opor·

102 330 169 366 tet
189 325 244 367 de
263 322 486 378 tragoedia
505 323 688 379 eiusque
717 323 830 365 duce
851 323 1071 380 Homero,
1101 329 1312 382 quoniam
1337 343 1362 370 e
1383 330 1488 385 qui-

101 392 290 435 busdam
321 390 527 432 audimus
553 391 636 433 hos
667 406 822 434 omnes
848 391 958 435 scire
989 401 1106 435 artes
1128 398 1368 454 omniaque
1393 406 1487 442 tam

101 459 298 503 humana
319 459 374 501 ad
398 461 609 502 virtutem
632 468 676 502 et
696 461 968 516 pravitatem
999 463 1235 520 spectantia
1258 481 1391 521 quam
1416 467 1488 509 di·

101 529 230 579 vina3
260 532 427 572 neceffe
457 531 514 572 est
536 531 656 572 enim
683 528 846 571 bonum
869 530 1076 586 poetam,
1106 532 1136 573 fi
1156 532 1266 574 velit
1295 550 1345 576 ea
1376 550 1489 591 quae

100 596 236 638 faciat
252 596 363 639 bene
380 596 550 649 facere,
572 598 777 640 scientem
797 595 940 640 facere
954 629 965 648 ‚
985 605 1061 639 aut
1079 613 1170 640 non
1191 604 1306 657 poss‘e
1324 602 1488 646 facere.

101 673 273 722 oportet
300 665 436 722 igitur
459 666 658 722 indagari
691 674 842 709 utrum
874 666 1120 709 imitatores
1149 666 1228 709 hos
1263 669 1328 711 illi
1355 670 1490 713 inve-

99 733 274 776 niente-s
293 734 465 791 decepti
490 734 661 777 fuerint
673 748 923 791 eorumque
934 750 1072 792 opera
1092 750 1231 791 quum
1257 738 1491 793 spectave-

99 802 191 844 rint
219 817 310 844 non
339 802 742 845 animadverterint
771 804 904 845 tertio
928 818 979 844 ea
1010 805 1153 860 gradu
1185 805 1343 849 distare
1363 808 1418 849 ab
1439 823 1490 850 eo

99 870 217 927 quod
241 886 343 912 vere
357 872 406 913 fit
424 879 468 913 et
489 870 635 914 facilia
649 874 733 914 esse
755 870 808 911 ad
825 869 1082 915 faciendum
1103 874 1342 917 veritatem
1361 875 1491 932 igno-

99 939 219 982 ranti
254 940 371 996 (visa
410 939 555 992 enim,
599 955 691 981 non
723 954 829 981 vera
857 938 1086 996 fingunt),
1127 957 1185 984 an
1219 944 1386 1001 aliquid
1416 944 1493 986 di-

101 1016 202 1050 cant
222 1018 265 1050 et
282 1023 441 1050 revera
461 1007 564 1050 boni
586 1008 745 1065 po'e‘tae
769 1008 1020 1064 intelligant
1040 1024 1091 1051 ea
1112 1009 1166 1050 de
1187 1010 1349 1066 quibus
1369 1011 1493 1054 vide·

98 1085 234 1118 antur
263 1075 546 1118 multitudini
576 1076 686 1118 bene
721 1075 878 1119 dicere.
939 1076 1056 1119 Sane
1083 1079 1291 1133 quidem,
1330 1080 1491 1135 inquit,

98 1144 442 1201 explorandum.
506 1145 599 1186 Iam
629 1144 873 1192 existimas,
905 1145 931 1185 fi
961 1146 1056 1202 quis
1090 1155 1331 1202 utrumque
1362 1149 1494 1205 posfit

99 1211 274 1264 facere,
305 1219 349 1253 et
367 1226 459 1253 rem
481 1211 734 1254 imitatione
756 1213 1103 1269 exprimendam
1129 1221 1172 1255 et,
1193 1216 1493 1268 simulacrum,

98 1281 436 1322 simulacrorum
456 1279 789 1323 se'confectioni
812 1281 1069 1324 dediturum
1091 1282 1277 1324 studiose
1299 1291 1345 1325 et
1369 1283 1492 1326 hunc

98 1350 219 1392 vitae
249 1351 354 1390 suae
384 1346 521 1390 finem
557 1351 640 1391 effe
670 1349 1000 1406 propositurum
1030 1351 1148 1405 quafi
1171 1350 1390 1409 optimum
1411 1367 1493 1394 na-

100 1426 197 1460 ctus
226 1418 303 1461 fit?
345 1416 534 1459 Minime
554 1431 645 1472 ego.
705 1418 770 1460 Ac
807 1417 979 1474 potius,
1009 1419 1039 1460 fi
1073 1418 1283 1472 quidem,
1313 1420 1492 1475 opinor,

98 1485 348 1543 intelligens
366 1487 424 1528 est
450 1501 608 1528 revera
627 1501 782 1528 eorum
809 1500 924 1541 quae
944 1485 1175 1538 imitatur,
1204 1488 1347 1528 multo
1366 1487 1493 1544 prius

99 1555 155 1598 ad
179 1570 316 1613 opera
336 1554 525 1596 studium
555 1553 757 1596 conferet
775 1567 908 1609 quam
940 1554 994 1594 ad
1029 1554 1324 1607 imitationes,
1354 1571 1494 1598 cona-

101 1623 221 1665 bitur
243 1622 384 1663 multa
404 1622 633 1680 praeclara
651 1622 716 1663 sui
746 1623 1003 1677 relinquere
1031 1631 1326 1665 monumenta
1354 1623 1493 1679 idque

101 1699 203 1747 aget
221 1699 271 1732 ut
288 1690 436 1745 potius
468 1691 513 1731 fit
533 1690 568 1732 is
602 1690 678 1747 qui
708 1690 958 1732 celebretur
976 1704 1111 1744 quam
1132 1691 1168 1731 is
1189 1691 1264 1746 qui
1285 1691 1490 1742 celebret.

99 1760 332 1806 Arbitror,
362 1757 531 1813 inquit3
563 1771 708 1812 neque
728 1758 848 1800 enim
877 1757 1072 1814 aequalis
1098 1759 1155 1800 est
1174 1758 1323 1801 honor
1343 1767 1388 1801 et
1409 1760 1492 1801 uti-

98 1829 215 1872 litas.
282 1827 347 1871 Ac
375 1825 650 1881 reliquorum
682 1826 858 1881 quidem
891 1842 979 1869 non
1025 1829 1307 1885 reposcamus
1347 1828 1493 1869 ratio-

100 1911 206 1940 nem
228 1895 283 1937 ab
305 1895 501 1937 Homero
520 1894 591 1935 vel
611 1893 696 1934 alio
719 1895 873 1951 poeta,
906 1895 1230 1951 interrogantes
1264 1912 1318 1938 an
1347 1896 1493 1939 medi-

100 1966 227 2008 cinae
246 1963 404 2018 aliquis
426 1977 583 2002 eorum
608 1962 775 2017 peritus
792 1962 925 2005 fuerit
940 1996 950 2016 ,
975 1979 1068 2005 non
1090 1964 1292 2006 imitator
1314 1973 1490 2006 tantum

101 2033 356 2076 orationum
386 2030 660 2072 medirarum
687 2035 825 2087 (quos
854 2033 976 2073 enim
1006 2034 1134 2074 sanos
1173 2033 1303 2089 poeta
1333 2031 1492 2086 aliquis

101 2103 157 2146 de
175 2100 398 2143 veteribus
425 2099 496 2140 vel
521 2100 840 2142 recentioribus
862 2100 1027 2142 dicitur
1051 2100 1298 2153 reddidisse,
1329 2118 1493 2159 quem-

104 2170 347 2212 admodum
378 2167 696 2224 Aesculapius,
739 2170 806 2210 vel
842 2183 950 2225 quos
992 2169 1231 2226 discipulos
1258 2171 1304 2213 iu
1346 2171 1493 2214 medi-

101 2240 199 2282 cina
222 2238 422 2292 reliquit‚
454 2237 558 2278 ficut
578 2235 651 2276 ille
677 2238 870 2292 posteros
886 2238 924 2289 ἓ)
940 2269 950 2288 ,
982 2252 1128 2293 neque
1147 2238 1279 2279 etiam
1307 2238 1362 2280 de
1383 2239 1494 2282 reli-

103 2307 201 2363 quis
232 2307 402 2348 artibus
431 2319 503 2346 eos
533 2305 886 2361 interrogemus,
917 2304 991 2346 sed
1021 2307 1236 2356 finamus3
1276 2306 1331 2348 de
1360 2307 1494 2349 rebus

102 2384 254 2418 autem
285 2374 494 2417 maximis
522 2382 564 2414 ct.
586 2373 898 2429 pulcherrimis
927 2373 982 2415 de
1013 2373 1172 2428 quibus
1196 2382 1386 2417 conatur
1421 2375 1493 2416 di-

103 2459 201 2486 cere
227 2444 470 2493 Homerus,
500 2442 554 2483 de
587 2441 711 2483 bellis
735 2450 777 2482 et
805 2440 1005 2498 partibus
1028 2441 1325 2500 imperatoriis
1356 2451 1395 2485 et
1416 2459 1493 2485 re-

102 2514 186 2554 bus
206 2511 396 2569 publicis
419 2510 773 2552 administrandis
797 2518 839 2551 et
860 2508 1093 2551 hominum
1118 2510 1493 2568 institutione,par

103 2583 190 2624 sinc
223 2581 358 2622 dubio
389 2587 451 2621 est
481 2594 560 2620 nos
592 2594 694 2620 eum
728 2581 1008 2633 interrogare
1037 2578 1302 2621 &inflantes
1331 2583 1368 2619 (i
1392 2592 1494 2620 care

103 2649 325 2701 Homere,
357 2649 384 2689 fi
408 2662 498 2690 non
532 2647 662 2688 tertio
692 2646 833 2703 gradu
866 2663 891 2688 a
919 2646 1112 2688 veritate
1147 2646 1295 2699 distas,
1325 2647 1493 2703 quippo
